3540 4830
476 496 735 542 vrcncossrruu
761 495 1046 540 nouuoursnnu.
1292 478 1336 536 49

185 643 243 723 sis,
265 652 378 710 contrs
398 645 565 715 libertates
591 671 667 713 suss
688 645 900 734 implacitavit
925 644 1088 732 quendum
1115 652 1336 722 mercatorem,

186 746 242 830 qui
266 755 362 811 nutus
384 748 446 814 fuit
471 749 505 813 in
528 750 676 835 pertibus
701 747 936 814 transmarinis.
982 747 1080 815 Quod
1102 746 1258 834 placitum
1280 747 1337 810 de·

186 848 322 912 ductum
345 848 408 914 fuit
426 849 462 914 in
480 849 622 916 Civitste
639 872 748 916 coram
763 849 1018 916 vicecomitibus
1034 849 1288 928 Londonisrum,
1303 855 1337 911 et

186 949 232 1014 ibi
247 950 466 1015 terminatum.

231 1052 307 1118 Hoc
321 1074 407 1118 suno
422 1053 545 1119 electus
559 1052 809 1134 wintoniensis,
824 1056 865 1121 de
879 1078 944 1142 quo
958 1056 1082 1122 mentio
1093 1053 1242 1141 superius
1252 1053 1336 1117 iscts
1349 1081 1385 1129 ῃ,
1395 1080 1458 1128 m.
1468 1082 1541 1145 „ps

186 1164 248 1234 est,
274 1155 330 1241 qui
355 1165 560 1221 consecratus
581 1155 645 1221 fuit
667 1157 755 1242 spud
781 1157 931 1236 Romam,
955 1158 1090 1222 veniens
1119 1179 1193 1223 cum
1218 1156 1335 1221 litteris
1347 1146 1558 1258 ,ἵππω

186 1257 358 1343 pspslibus
371 1280 484 1323 versus
506 1257 668 1344 Anglism,
683 1256 765 1323 obiit
779 1256 862 1322 circs
883 1259 1001 1322 festum
1028 1258 1179 1323 Nsthslis
1199 1258 1334 1324 Domini
1347 1276 1375 1320 o
1387 1274 1463 1322 curu
1476 1274 1525 1322 ns

187 1359 389 1445 preteritum,
425 1370 460 1425 et
484 1358 681 1424 Willielmus
707 1359 749 1423 de
772 1358 925 1423 Vulencis
948 1359 1047 1424 freter
1074 1360 1145 1444 ejus
1175 1359 1272 1425 rediit
1299 1353 1428 1425 insana.

186 1461 337 1546 Anglism
351 1461 435 1526 circs
450 1462 608 1527 Paschsm
621 1482 681 1548 per
696 1482 867 1525 assensum
884 1461 1060 1525 Beronum.

229 1566 359 1645 Posses,
380 1563 587 1631 venientibus
609 1564 752 1650 quinque
774 1562 964 1649 septimanis
990 1571 1067 1647 post
1093 1562 1261 1640 Pssclrsm,
1276 1584 1336 1647 po·

187 1666 287 1731 situm
301 1677 352 1732 est
364 1667 482 1731 iterum
497 1665 530 1730 in
546 1675 697 1750 respectu
719 1686 824 1750 usque
848 1664 890 1729 sd
915 1663 1111 1749 quindensm
1125 1673 1203 1748 post
1216 1664 1336 1728 festum

189 1768 300 1835 Sancti
327 1767 490 1834 Johsnnis
517 1766 701 1852 predictum
726 1766 886 1852 judicium
914 1766 1000 1832 inter
1028 1765 1278 1832 Londonienscs
1302 1774 1338 1830 et

188 1869 339 1935 homines
354 1868 395 1934 de
409 1868 646 1933 Norlrsmtons.

232 1971 496 2050 Memoradum,
510 1969 599 2055 quod
622 1969 657 2034 in
683 1970 807 2034 Psschs
820 1969 965 2057 predicto
982 1966 1147 2034 Dominus
1163 1967 1244 2046 Rex,
1259 1967 1338 2033 dum

190 2073 254 2138 fuit
276 2073 365 2158 spud
381 2071 595 2151 Wintonism,
620 2073 698 2137 iecit
723 2071 904 2158 capitalem
925 2070 1146 2136 Justitiurium
1176 2092 1272 2135 suum
1298 2070 1339 2136 de

191 2176 343 2262 Philippo
369 2174 488 2239 Busset
521 2183 635 2239 contra
670 2195 841 2239 assensum
875 2174 1053 2252 Beronum,
1081 2172 1137 2258 qui
1166 2172 1341 2238 noluerunt

189 2278 299 2366 ipsum
313 2277 505 2354 sdmittere3
527 2286 562 2341 et
586 2276 632 2341 its
654 2276 715 2341 hsc
730 2276 771 2341 ds
786 2298 882 2341 csuss
896 2285 930 2340 st
944 2275 1014 2339 sliis
1029 2274 1070 2339 ds
1085 2274 1190 2339 osusis
1205 2284 1276 2339 ortu
1289 2285 1341 2340 est

189 2378 350 2445 dissensio
364 2379 450 2444 inter
463 2377 645 2443 Dominum
660 2380 782 2463 Regem
797 2389 831 2443 et
845 2377 1008 2464 predictos
1030 2376 1175 2441 Berones
1194 2387 1230 2441 ct
1242 2376 1340 2442 etium

189 2480 260 2547 sine
275 2480 445 2545 muniiests
458 2479 594 2545 ratione.

278 2581 450 2668 Philippus
465 2582 588 2648 Cissor.
1355 2612 1405 2659 pp,
1415 2612 1472 2660 002.
1479 2610 1528 2673 14,

278 2683 438 2749 Ricardus
453 2683 494 2748 ds
508 2683 697 2749 Wslebrols.
1354 2677 1438 2751 '⁰²¹3‘
1447 2677 1531 2786 ‘'i'‘

1420 2756 1561 2867 iis-sm

191 2892 337 2978 predicto
362 2891 523 2957 dissensio
546 2890 633 2956 inter
656 2889 838 2954 Dominum
868 2890 990 2976 Regem
1020 2900 1055 2956 et
1083 2890 1229 2954 Berones
1253 2909 1341 2968 suos,

191 2994 337 3080 predicto
364 2994 453 3080 Rege
477 3004 511 3060 et
536 2993 661 3079 Regius
685 3013 745 3056 sus
769 3000 849 3056 tunc
874 2991 1047 3079 hospitatis
1070 2993 1158 3079 spud
1184 2992 1342 3057 Ssnctum

193 3096 342 3174 Paulum,
368 3105 402 3161 et
426 3097 515 3182 Rege
537 3093 731 3162 Alemannis
756 3092 844 3178 spud
870 3092 1026 3159 Sanctum
1050 3094 1232 3158 Murtinum
1247 3093 1343 3178 Mug-

191 3219 293 3274 num3
316 3217 379 3280 qus
393 3218 458 3280 psx
480 3220 548 3264 non
574 3197 676 3263 stetit.
720 3195 829 3261 Immo
855 3196 1000 3263 Berones
1014 3207 1129 3282 postes
1151 3206 1343 3261 smoverunt

191 3298 399 3362 vicecomites
414 3297 550 3362 Domini
565 3299 664 3384 Regis
678 3318 738 3382 per
755 3295 837 3376 locs,
852 3307 887 3361 et
900 3308 1080 3382 posuerunt
1093 3296 1140 3362 ibi
1155 3297 1246 3375 slios,
1260 3318 1342 3382 quos

191 3397 437 3484 sppellsverunt
464 3402 488 3435 “
503 3398 666 3463 Custodes
693 3396 919 3461 Comitstuum
927 3397 961 3477 ;”
986 3406 1022 3463 et
1049 3396 1156 3462 sdhuc
1180 3418 1246 3461 non
1269 3418 1342 3481 per-

193 3498 353 3563 miserunt
373 3496 397 3560 J
399 3496 585 3576 ustitisrios,
609 3496 666 3584 qui
683 3495 775 3560 missi
798 3497 931 3562 luerunt
951 3517 1010 3582 psr
1030 3516 1166 3581 regnum
1183 3495 1225 3560 sd
1246 3495 1342 3562 itine-

192 3598 342 3674 randum,
356 3598 459 3661 fucere
474 3596 617 3662 officium
631 3618 739 3661 suum.

239 3700 314 3765 Hoc
328 3719 414 3764 snno
428 3699 533 3763 fsstrrs
548 3710 600 3764 est
613 3698 722 3765 Maior
734 3697 879 3763 'l'homss
892 3695 979 3760 filius
993 3696 1130 3764 Thoms.

239 3801 314 3865 Hoc
342 3821 439 3878 suno,
465 3800 501 3864 in
527 3800 782 3885 qmdrcgesims,
808 3798 974 3863 Dominus
1003 3800 1075 3864 Rex
1102 3802 1181 3868 fecit
1208 3802 1272 3888 legi
1300 3803 1343 3868 sd

194 3923 323 3970 crucem
340 3901 452 3967 Ssncti
469 3902 560 3967 Psuli
575 3902 740 3988 qusndsm
762 3901 885 3967 bullam
902 3902 989 3986 Pspe
1005 3902 1142 3983 Urbsni,
1157 3904 1212 3990 qui
1227 3904 1342 3969 eodem

194 4027 281 4070 snno
296 4005 400 4069 fuctus
415 4017 466 4071 est
481 4007 579 4093 Papo,
601 4006 657 4092 qui
678 4004 883 4073 mnfirmsvit
906 4004 1029 4071 bullum
1042 4005 1219 4071 Alexandri
1247 4008 1343 4092 Pspe‚

240 4126 354 4171 csun.
370 4126 442 4171 soc.
1146 4130 1169 4173 u
