3540 4830
490 489 748 537 vrcrcorsmurs
773 490 1061 538 aonooumnurs.
1286 476 1328 536 58

179 653 282 723 erant,
295 663 354 729 per
367 662 482 706 omnes
508 642 682 708 comitatus
706 643 834 729 cinglis,
856 641 1040 730 precipiens
1067 640 1124 707 ills
1151 638 1328 721 observari,

179 741 277 809 simul
302 765 376 809 cum
405 743 487 824 aliis,
510 765 574 829 que
600 743 721 810 (lomes
743 744 969 825 Msrescnllus‚
995 743 1116 809 (lomes
1145 742 1333 823 Iaeicsstric,

180 846 350 932 Philippus
365 844 492 924 Basset‚
506 855 541 911 et
557 845 656 931 Hugo
672 846 770 932 Bigot
783 857 895 912 essent
904 844 1087 933 provisuri3
1111 844 1201 931 quod
1214 866 1331 931 parum

183 949 285 1015 stetit

225 1049 353 1129 Postea,
368 1048 420 1114 die
435 1047 610 1113 Dominice
622 1046 657 1113 in
668 1046 776 1113 media
789 1048 1043 1135 quadragesim,
1065 1047 1333 1116 convenientibus

181 1152 292 1216 multis
308 1153 349 1217 de
363 1150 542 1217 civitstesd
551 1172 680 1216 crucem
696 1150 808 1216 Sancti
820 1152 922 1232 Pauli,
935 1154 1044 1218 Maior
1052 1153 1130 1219 iecit
1143 1152 1333 1219 fidelitstem

182 1254 327 1319 Domino
351 1252 523 1332 Edwardo,
544 1262 622 1338 post
657 1252 760 1318 vitem
785 1274 899 1332 suam3
921 1263 956 1319 et
984 1255 1017 1319 in
1048 1255 1189 1320 orestino
1218 1275 1334 1320 omnes

182 1356 393 1423 Aldermanni
407 1356 442 1421 in
458 1354 646 1434 Gddhallia,
660 1354 760 1440 etqui
771 1366 864 1421 erant
878 1356 1029 1423 absentes
1040 1379 1099 1443 per
1112 1357 1333 1423 infirmitstem

181 1457 216 1521 in
231 1456 383 1523 domibus
397 1478 521 1535 eorum,
536 1478 645 1521 coram
661 1455 799 1521 Maiore.
830 1457 894 1522 Die
910 1457 1170 1523 Dominicavero
1185 1457 1335 1543 sequenti

183 1561 324 1626 universi
349 1560 499 1625 homines
521 1557 693 1623 duodecim
719 1579 878 1623 annorum
902 1568 937 1624 et
961 1560 1112 1645 emplius,
1139 1560 1275 1646 quilibet
1299 1560 1334 1625 in

181 1661 405 1737 Werdemoto,
441 1681 549 1724 coram
586 1658 807 1725 Aldermanno
844 1680 905 1725 suo
948 1660 1095 1725 iecerunt
1129 1660 1211 1725 illud
1247 1659 1334 1724 idem

182 1764 417 1848 juramentum.

229 1863 304 1928 Hoc
318 1883 415 1940 anno,
430 1870 505 1926 ante
522 1862 749 1943 Pentecosten,
765 1863 921 1942 Berones,
936 1863 993 1948 qui
1011 1861 1208 1949 prebuerant
1228 1884 1338 1928 usen-
1349 1869 1454 1918 Bam
1464 1868 1529 1916 mli·

186 1988 259 2031 sum
274 1965 316 2030 ad
330 1964 550 2031 ordinationes
565 1975 599 2029 ct
613 1974 736 2031 sistuts
749 1966 835 2031 iacta
845 1965 932 2052 apud
947 1965 1113 2031 Oxoniam
1126 1965 1338 2047 observande,
1349 1940 1536 2061 im&

185 2069 344 2135 miserunt
358 2068 522 2153 quoddam
537 2068 647 2147 breve,
662 2068 724 2134 sub
738 2068 844 2155 sigillo
854 2069 972 2154 Rogeri
983 2071 1025 2135 de
1034 2068 1182 2146 clifford,
1194 2070 1338 2136 Domino
1349 2068 1558 2177 mim*

186 2171 278 2257 Regi,
290 2180 438 2256 petentes
453 2170 573 2257 ipsum,
593 2180 632 2235 ut
645 2170 717 2257 ipsa
731 2178 854 2235 stetuts
864 2170 963 2236 vellet
976 2192 1187 2253 conservare3
1208 2172 1339 2238 etdilli·
1503 2158 1512 2175 ’

186 2274 345 2339 daverunt
366 2295 480 2338 omnes
503 2272 589 2353 illos,
613 2272 670 2358 qui
689 2282 804 2338 contra
824 2272 871 2337 ire
889 2273 1075 2353 voluerunt,
1098 2274 1187 2339 salvs
1202 2295 1342 2359 persons

187 2376 297 2461 Regis,
311 2374 434 2459 Regine
443 2386 478 2438 et
487 2374 664 2439 liberorum
676 2395 824 2439 suorum.
851 2374 956 2453 lunc,
971 2374 1094 2455 stetim,
1103 2374 1182 2440 dicti
1196 2376 1341 2440 Berones

186 2477 407 2542 militsvcrunt
421 2498 497 2542 cum
511 2498 630 2562 magno
645 2476 789 2542 exercitu
804 2497 904 2561 super
917 2497 1032 2543 omnes
1040 2477 1241 2543 sdverssrios
1252 2500 1342 2557 suos,

186 2580 268 2646 etin
283 2579 397 2666 primis
411 2577 500 2664 apud
517 2578 753 2657 Hereiordism,
768 2588 925 2663 ceperunt
939 2578 1129 2665 episcopum
1140 2579 1344 2659 Hereiordie

186 2693 221 2749 et
235 2702 348 2747 omnes
363 2680 536 2746 canonicos
551 2701 639 2759 suos,
649 2680 857 2766 alienigenas,
872 2688 906 2745 et
920 2679 1090 2745 thesauros
1104 2701 1218 2746 eorum
1232 2703 1341 2766 aspor-

187 2792 349 2863 taverunt,
363 2795 398 2847 et
411 2782 522 2848 omnis
536 2803 599 2867 que
613 2782 747 2847 invente
772 2781 899 2846 suntin
914 2781 1066 2847 msneriis
1080 2781 1297 2847 vendiderunt
1309 2792 1345 2849 et

188 2888 291 2953 multe
318 2886 462 2952 muneris
489 2885 752 2952 combusserunt.
795 2885 842 2951 Et
867 2885 983 2951 eodem
1007 2885 1106 2952 modo
1131 2886 1279 2951 feserunt
1303 2886 1345 2953 de

188 2992 341 3058 omnibus
356 2990 519 3069 maneriis,
539 3010 598 3075 per
618 3011 681 3076 que
696 2987 871 3054 transitum
887 2989 1044 3068 iecerunt,
1059 2988 1192 3069 scilieet,
1205 2989 1345 3069 illorum,

189 3094 245 3178 qui
260 3092 315 3156 ills
337 3101 458 3155 statuta
479 3091 653 3176 infringere
674 3090 873 3169 nitebantur,
895 3100 964 3155 tam
986 3090 1131 3155 virorum
1153 3091 1346 3157 ecelesiasti-

189 3217 300 3261 corum
316 3216 412 3279 quam
433 3194 592 3272 aliorum3
614 3203 649 3259 et
663 3194 761 3258 etiam
776 3193 811 3257 in
825 3192 971 3258 ecclesiis
986 3193 1056 3258 suis
1077 3215 1182 3259 novos
1200 3204 1345 3259 rectores

190 3304 384 3371 statuerumt,
407 3304 441 3358 et
458 3293 598 3358 maxime
617 3293 652 3357 in
671 3292 816 3358 ecclesiis
837 3292 1100 3378 alienigenum,
1122 3293 1204 3357 nulli
1226 3294 1346 3359 moles-

191 3396 270 3459 tiam
286 3394 462 3458 inlerentes
483 3404 601 3478 praeter
620 3392 813 3458 adversariis
833 3392 913 3472 suis,
937 3392 996 3458 sed
1016 3391 1144 3457 firmam
1159 3414 1272 3479 pacem
1286 3392 1346 3458 ob·

190 3506 366 3563 servantes.
410 3494 563 3572 Castella,
577 3516 666 3573 vero,
691 3494 827 3560 Domini
842 3495 942 3580 Regis
961 3503 996 3560 et
1016 3495 1154 3561 eliorum
1169 3495 1346 3581 espientes,

189 3602 224 3666 in
250 3600 297 3664 eis
319 3619 423 3661 novos
448 3596 705 3662 constabularios
731 3607 932 3683 posuerunt3
954 3618 1038 3683 quos
1060 3619 1176 3663 omnes
1200 3599 1347 3665 lecerunt

187 3705 295 3790 jurare
320 3699 509 3765 fidelitatem
533 3699 678 3765 Domino
702 3699 795 3785 Regi,
815 3709 850 3765 et
872 3719 1002 3785 semper
1025 3700 1181 3767 vexillum
1210 3701 1347 3769 Domini

193 3806 291 3890 Regis
310 3826 419 3869 coram
446 3825 481 3868 se
506 3803 704 3870 detulerunt.
751 3803 880 3881 Postea,
905 3802 1065 3869 misemnt
1088 3804 1187 3871 breve
1210 3804 1348 3873 Civibus

193 3906 438 3974 londoniarum
453 3904 536 3971 circa
550 3906 672 3971 festum
687 3904 800 3970 Sancti
814 3904 988 3985 Jobsnnis,
1009 3906 1070 3972 snb
1085 3906 1191 3993 sigillo
1205 3907 1349 3973 Simonis

193 4011 233 4075 de
250 4010 367 4074 Monte
383 4007 484 4088 Forti,
500 4006 639 4073 Comitm
655 4006 843 4086 leicestrie,
861 4007 1009 4074 volentes
1019 4008 1187 4075 certificari
1202 4010 1244 4076 ab
1258 4010 1350 4096 ipsis,
