3540 4830
731 610 909 655 unnsscn.
1388 591 1421 652 ri

220 765 350 821 maritata
363 762 507 821 Willelmo
521 763 649 839 Aguilun
662 782 712 840 per
725 762 869 821 dominum
892 762 1001 838 Regem
1025 759 1193 828 Johnnnem,
1215 768 1243 817 et
1257 760 1332 817 valet
1345 767 1421 818 terra

221 879 272 917 sua
285 862 313 917 in
329 860 484 938 Scrouteby
498 859 585 918 viili.'’
626 861 688 918 The
702 861 811 938 change
825 860 854 917 in
869 860 917 918 the
931 879 1013 917 nome
1027 859 1060 916 of
1082 858 1177 935 Rnlph
1189 857 1230 915 Le
1246 858 1420 915 Parmentier

220 957 294 1015 from
309 957 517 1016 Parmentnrius
530 966 559 1013 to
575 956 739 1033 Pelliparius
759 958 789 1013 in
809 956 867 1014 this
881 965 966 1032 entry
979 955 1116 1013 identifies
1140 953 1189 1011 the
1210 953 1289 1011 trade
1311 952 1344 1008 of
1362 951 1419 1009 this

220 1055 319 1111 citizen
333 1055 367 1112 of
378 1053 497 1110 London
510 1063 541 1110 to
554 1053 589 1111 be
602 1053 664 1110 that
678 1053 712 1110 of
721 1074 739 1111 a
751 1053 897 1111 merchant
917 1053 1009 1120 milor,
1032 1053 1061 1108 in
1086 1051 1239 1128 supplying
1258 1048 1366 1106 clothes
1387 1068 1420 1106 or

218 1149 280 1207 furs
294 1150 339 1207 for
353 1149 402 1207 the
417 1149 519 1226 King’s
533 1151 663 1224 wearing,
678 1149 735 1207 nnd
747 1148 796 1207 the
815 1149 959 1225 following
982 1147 1081 1206 Letter
1103 1148 1188 1206 Closs
1213 1144 1316 1203 affords
1338 1145 1423 1222 proof

222 1247 255 1304 of
266 1246 309 1304 his
323 1247 409 1321 being
423 1265 454 1303 so
468 1246 624 1324 employed.

262 1343 353 1401 “Rex
369 1343 534 1409 Batonibus,
548 1352 602 1400 etc.
643 1342 811 1419 Computote
826 1342 984 1419 Reginaldo
999 1342 1034 1399 de
1056 1340 1212 1400 Combulle
1232 1358 1283 1416 pro
1297 1339 1419 1415 quinque

221 1440 330 1517 penulis
344 1439 379 1496 de
390 1439 473 1495 bissis
487 1438 610 1495 liberatis
627 1438 751 1496 Rndulfo
767 1439 958 1497 Pannentsrio
971 1439 1000 1494 in
1013 1438 1088 1495 festo
1104 1437 1201 1495 Snncti
1212 1435 1371 1494 Eodmundi
1384 1433 1421 1490 sd

221 1653 279 1701 cns,
300 1633 406 1690 scilicet
429 1633 550 1709 pretium
569 1631 721 1707 cujuslibet
743 1633 807 1689 iiii⁰¹
820 1632 984 1708 penulorum
1006 1633 1042 1688 de
1056 1651 1074 1688 x
1087 1631 1169 1688 fessis
1193 1649 1230 1687 xx
1256 1628 1369 1692 solidos,
1390 1635 1420 1683 et

221 1731 345 1807 precium
365 1730 440 1786 illius
461 1728 495 1786 de
508 1729 536 1785 xi
549 1728 630 1785 fessis
644 1730 662 1805 ij
678 1749 797 1787 marcas.
839 1730 896 1788 Pro
918 1728 1070 1804 snrpelario
1094 1728 1130 1785 ad
1151 1747 1199 1785 eos
1220 1723 1420 1801 imponendum

222 1827 250 1882 vi
265 1825 403 1883 denarios.
445 1825 502 1882 Pro
516 1825 638 1901 cnringio
652 1826 688 1881 xii
704 1824 840 1881 denarios.
882 1825 939 1901 Pro
959 1824 1050 1881 tribus
1071 1823 1252 1900 coopertoriis
1273 1823 1308 1878 de
1330 1821 1421 1896 grisso

221 1921 344 1978 liberatis
358 1921 448 1978 eidem
473 1921 599 1979 deulfo
619 1941 669 1997 per
682 1921 857 1978 Willelmum
877 1920 911 1978 de
934 1920 1031 1978 Insula
1055 1921 1117 1977 iiii⁰¹
1130 1920 1226 1977 libros.
1267 1918 1325 1976 Pro
1339 1935 1420 1973 cune-

222 2018 302 2075 vacio
325 2018 362 2075 sd
382 2017 581 2094 imponendum
605 2018 633 2074 vi
658 2018 796 2076 denarios.
856 2017 912 2076 Pro
933 2018 1043 2076 duabus
1067 2017 1247 2094 coopertoriis
1272 2015 1307 2072 de
1328 2014 1419 2090 grisso

221 2115 345 2174 liberatis
359 2115 448 2172 eidem
464 2114 590 2173 Radnlfo
604 2117 633 2173 in
648 2115 743 2191 vigilia
766 2114 860 2174 Sancti
875 2117 993 2174 Andree
1014 2135 1064 2192 per
1079 2114 1252 2173 Willclmum
1277 2111 1420 2170 hominem

222 2232 303 2269 suum
324 2212 387 2268 iiii⁰¹
409 2230 527 2269 marcos.
570 2211 627 2269 Pro
651 2211 759 2269 duabus
772 2212 892 2271 furruris
910 2214 944 2270 de
965 2213 1082 2290 agnellis
1096 2213 1105 2269 i
1119 2231 1251 2271 marcum.
1294 2209 1351 2267 Pro
1365 2224 1422 2264 una

221 2311 323 2387 penula
337 2309 371 2367 de
385 2309 521 2367 cuniculis
539 2310 568 2365 ix
585 2309 688 2366 solidos
702 2330 752 2387 per
765 2309 894 2368 eundem.
936 2311 994 2368 Pro
1018 2319 1138 2387 quntuor
1160 2309 1234 2367 ulnis
1256 2316 1285 2366 et
1305 2305 1422 2362 dimidio

221 2406 256 2463 de
269 2408 400 2464 burnettn
413 2426 474 2464 xvc.
487 2405 545 2463 ixd.
558 2414 587 2462 et
600 2407 722 2474 obolum,
737 2407 845 2465 scilicet
857 2409 924 2464 ulna
938 2407 1017 2484 xlijd.
1031 2426 1080 2483 per
1093 2406 1221 2464 eundem.
1263 2405 1320 2461 Pro
1339 2420 1421 2458 cune-

222 2504 308 2559 vaciis
321 2511 350 2559 et
363 2503 532 2578 ssrpellrsriis
546 2503 583 2559 od
597 2503 795 2578 imponendum
809 2504 853 2578 ijs.
894 2503 952 2561 Pro
973 2504 1082 2560 duobus
1104 2503 1177 2559 ulnis
1197 2502 1232 2558 de
1245 2501 1370 2575 griscing
1384 2499 1421 2555 od

220 2601 231 2674 j
248 2600 401 2656 barrudnm
422 2598 581 2655 faciendum
603 2600 669 2655 xxd.
690 2598 797 2655 scilicet
815 2600 883 2656 ulna
903 2601 950 2656 xd.
992 2601 1050 2657 Pro
1071 2600 1163 2657 cordis
1175 2599 1226 2674 ijd.
1250 2606 1279 2655 et
1299 2596 1422 2655 obolum.

223 2695 280 2753 Pro
294 2696 430 2770 curringio
444 2696 489 2769 ijs.
531 2695 612 2770 Proj
628 2696 801 2771 coopertorio
815 2697 849 2752 de
867 2697 943 2771 griso
957 2697 1074 2755 liberato
1090 2696 1214 2754 Radulfo
1230 2694 1421 2754 Parmentnrio

223 2792 298 2869 apud
321 2790 479 2850 Lomeheth
493 2790 545 2849 ὼ.
589 2791 716 2848 Prouno
739 2792 855 2869 pelliceo
869 2793 904 2851 de
917 2795 996 2870 griso
1018 2795 1055 2852 sd
1070 2814 1140 2871 opus
1154 2802 1282 2851 nostrum
1304 2793 1421 2850 liberato

223 2889 313 2946 cidem
328 2887 452 2945 deulfo
470 2907 521 2963 per
541 2906 656 2945 mnnum
668 2889 806 2947 Willelmi
832 2889 955 2948 Cissoris
977 2890 1052 2967 apud
1073 2889 1231 2947 Lameheth
1255 2890 1299 2946 die
1326 2888 1421 2947 Sancti

222 2985 363 3044 Vincentii
375 2986 433 3061 xiiij
450 2984 564 3042 solidos.
606 2985 662 3043 Pro
675 2986 795 3044 furruris
818 2987 852 3045 de
876 2989 958 3065 agnis
972 2989 1024 3048 vic.
1064 2986 1185 3066 T(este)
1207 2984 1372 3066 G(alfrido)
1386 2987 1421 3044 de

223 3083 338 3142 Novills
352 3083 514 3142 Camerario
527 3082 603 3157 npud
616 3081 827 3159 Merlebergnm
846 3085 875 3161 iij
898 3084 943 3142 die
968 3085 1112 3143 Febmnrii
1133 3103 1207 3141 anno
1228 3084 1307 3160 regni
1332 3085 1420 3140 nostri

220 3199 305 3238 nono.
330 3181 363 3254 (3
380 3179 448 3237 Feb.
464 3174 558 3255 1208)
574 3178 630 3235 Per
645 3178 800 3237 Ricardum
813 3180 850 3237 de
865 3179 1018 3238 Marito?

262 3277 326 3333 The
339 3284 480 3350 cutter-up
495 3274 528 3333 of
544 3274 593 3331 the
606 3275 722 3343 clothes,
747 3277 795 3334 the
817 3276 924 3345 Cissor,
948 3276 1166 3354 corresponding
1180 3276 1247 3334 with
1271 3277 1320 3334 the
1340 3278 1423 3336 tcilor

222 3374 251 3429 in
264 3375 301 3430 its
316 3373 447 3450 ordinary
460 3373 642 3448 acceptation,
663 3373 687 3430 is
701 3373 844 3451 evidently
857 3384 908 3431 not
927 3374 1059 3433 identicnl
1073 3374 1141 3431 with
1160 3374 1208 3431 the
1229 3384 1302 3432 term
1323 3383 1340 3411 “
1353 3377 1422 3433 Par-

222 3469 390 3526 menturius”
405 3488 438 3526 or
458 3477 475 3505 ‘⁴
488 3468 679 3545 Pellipurius‚”
693 3470 749 3528 aud
764 3470 814 3528 Du
829 3470 927 3547 Conge
940 3491 1000 3528 errs
1014 3472 1043 3529 in
1065 3471 1110 3529 his
1131 3472 1309 3548 explsnntion
1324 3472 1357 3529 of
1373 3473 1423 3530 the

222 3566 308 3632 word,
330 3575 347 3601 ‘⁴
360 3566 460 3633 Gnllis,
484 3565 550 3623 olim
566 3565 766 3635 Pammentier,
780 3569 828 3643 qui
842 3567 925 3625 hodie
940 3567 1065 3625 Tailleur
1078 3568 1225 3627 d'hsbits.”
1267 3568 1330 3625 The
1344 3568 1424 3624 char-

222 3671 266 3719 ter
280 3662 313 3718 of
325 3661 481 3738 Rsnnulph
497 3661 566 3720 Eorl
580 3664 614 3718 of
633 3663 752 3722 Chester
765 3667 898 3742 granting
912 3672 942 3722 to
955 3664 1004 3721 the
1025 3665 1125 3722 monins
1149 3665 1182 3720 of
1205 3664 1247 3721 St.
1260 3663 1423 3739 Werburgh

225 3766 255 3814 at
270 3755 389 3815 Chester
402 3774 419 3811 a
432 3756 487 3813 fair
499 3756 596 3811 before
616 3756 664 3812 the
684 3767 748 3831 gnte
770 3759 803 3814 of
820 3759 869 3817 the
892 3770 1065 3836 monastery,
1088 3760 1160 3815 cited
1178 3760 1215 3837 by
1229 3759 1285 3816 this
1299 3761 1423 3818 eminent

223 3850 450 3930 glossographer,
475 3851 621 3928 obviously
635 3853 729 3927 places
751 3853 800 3910 the
821 3864 839 3890 ‘⁴
851 3854 1077 3913 Permentnrius”
1101 3873 1138 3912 on
1162 3875 1180 3912 a
1202 3854 1272 3913 level
1286 3857 1352 3916 with
1374 3858 1422 3916 the

223 3949 379 4009 merchant.
420 3949 627 4023 “Quapropter
640 3948 775 4024 prohibeo
790 3970 873 4027 super
893 3970 1016 4008 amorem
1040 3970 1132 4008 meum
1156 3960 1188 4009 ut
1212 3973 1262 4011 nec
1275 3965 1422 4021 mercator,

223 4067 275 4107 nec
297 4046 417 4113 institor,
439 4065 491 4103 nec
512 4047 725 4121 permentnrius,
740 4067 790 4105 nec
815 4048 998 4117 corvessrius,
1022 4068 1073 4106 neo
1095 4049 1169 4107 ullus
1182 4052 1310 4110 minister
1324 4053 1422 4109 volens

223 4144 342 4202 vendere
356 4143 400 4201 vel
414 4163 515 4212 emere,
534 4162 591 4201 non
605 4144 707 4202 vendat
727 4164 777 4203 nec
800 4155 875 4204 emst
898 4146 1004 4224 aliquid
1027 4148 1129 4206 alicubi
1152 4149 1205 4206 nisi
1229 4150 1267 4206 ibi
1291 4149 1424 4225 quamdiu
