3540 4830
486 518 742 564 vrcecourruu
768 518 1054 566 nonnonrnnuu.
1303 499 1345 574 ⁴⁷

193 670 291 735 breve
305 671 346 733 ad
362 670 523 754 predictos
538 671 686 757 prisones
710 671 946 753 deliberandos,
969 681 1004 737 et
1026 669 1114 736 aliud
1137 669 1235 735 breve
1250 669 1346 735 Vice-

194 772 304 836 comiti
321 772 360 837 de
377 772 544 837 Comitatu
558 774 807 859 Norhamptone
818 775 989 853 directum,
1004 774 1091 861 quod
1108 773 1135 837 si
1148 773 1263 838 Balliri
1273 793 1346 858 pre·

194 876 272 941 dicti
298 877 461 941 noluerint
483 877 556 942 illos
581 877 755 956 dimittere,
780 879 867 962 quod
893 878 964 963 ipse
990 877 1124 942 intraret
1145 876 1228 941 inira
1249 876 1345 940 liber·

192 990 276 1043 tates
292 1001 378 1058 suas,
393 990 427 1043 et
440 979 529 1063 ipsos
553 979 744 1044 deliberaret
768 980 860 1043 latori
883 980 1061 1045 litterarum
1086 978 1219 1044 Domini
1236 978 1346 1063 Regis,

193 1082 359 1146 ducendos
374 1103 481 1145 coram
500 1082 642 1146 Domino
654 1083 742 1165 Rege
757 1083 798 1145 ad
813 1081 996 1145 laciendum
1008 1081 1095 1166 quod
1107 1079 1147 1144 de
1161 1080 1233 1165 jure
1242 1080 1345 1144 lacere

194 1183 350 1249 deberent
364 1184 542 1248 seeundum
559 1184 645 1268 leges
661 1183 821 1247 Civitatis.
867 1183 996 1249 Quibus
1022 1181 1138 1246 litteris
1152 1182 1344 1266 impetratis,

193 1289 286 1351 ecee!
310 1309 456 1352 rumores
471 1286 559 1372 quod
584 1287 721 1373 predicti
741 1285 888 1373 prisones
904 1287 1037 1351 luerunt
1062 1286 1150 1369 apud
1167 1285 1344 1370 Cherringe

189 1390 284 1474 juxte
299 1389 639 1468 westmonasterium,
665 1388 721 1453 ubi
745 1387 854 1453 Maior
878 1399 912 1452 et
938 1387 1055 1451 Ballivi
1078 1386 1344 1471 Norehamptone

193 1492 266 1555 illos
282 1492 497 1556 adduxerunt.
543 1492 619 1558 Quo
646 1491 768 1569 audito,
794 1490 903 1555 Maior
926 1487 1169 1553 Londoniarum
1194 1488 1282 1551 rnisit
1303 1486 1344 1551 ad

193 1594 267 1657 illos
293 1594 450 1677 quosdam
475 1593 585 1671 Cives,
611 1592 791 1657 deferentes
813 1591 994 1676 predictum
1019 1588 1138 1665 breve3
1173 1610 1238 1673 quo
1253 1588 1342 1652 brevi

193 1695 277 1759 lecto
286 1705 321 1760 et
335 1694 510 1772 intellecto,
525 1694 699 1758 noluerunt
713 1692 818 1757 adhuc
833 1693 905 1757 illos
917 1692 1063 1777 prisones
1073 1689 1196 1754 nuntiis
1208 1689 1345 1754 Maioris

193 1795 377 1860 liberandos
399 1795 566 1859 assentire.
610 1795 714 1872 Tunc,
738 1816 826 1872 vero,
853 1795 961 1858 Maior
987 1793 1242 1872 Londoniarum,
1268 1814 1342 1855 cum

193 1895 418 1960 innumerabili
434 1896 566 1981 populo,
591 1898 747 1962 accedens
772 1897 813 1960 ad
838 1897 972 1981 Regem,
991 1896 1137 1959 ostendit
1150 1895 1191 1973 ei,
1205 1894 1345 1980 graviter

194 1998 433 2082 conquerendo,
448 1999 584 2083 qualiter
605 2000 668 2084 ipsi
695 1999 811 2063 Ballivi
830 1999 863 2062 in
887 1998 1042 2083 despectu
1065 1997 1151 2082 regie
1166 1997 1344 2082 majestatie

194 2111 228 2165 et
242 2101 283 2163 ad
299 2101 476 2164 maximum
492 2101 633 2166 dedecus
649 2101 798 2166 Civitatis
822 2122 878 2164 sue
903 2100 1146 2164 Londoniarum
1166 2122 1226 2185 pro
1248 2099 1345 2164 tertio

195 2203 284 2267 brevi
303 2225 363 2267 suo
379 2204 477 2268 nichil
503 2205 607 2269 lacere
626 2205 810 2269 voluerunt.
855 2203 932 2281 Qui,
952 2212 1061 2267 motus
1085 2202 1118 2266 iu
1141 2203 1233 2282 iram,
1256 2201 1345 2266 misit

196 2307 328 2370 Petrum
344 2306 384 2370 de
399 2307 527 2386 Nevile,
542 2308 703 2391 quendam
725 2305 947 2369 marescallum
970 2305 1086 2369 domus
1102 2325 1170 2381 aue,
1185 2303 1226 2367 ad
1242 2303 1345 2367 Cher·

195 2410 306 2491 ringa3
329 2409 383 2492 qui
399 2408 613 2472 incontinenti
627 2409 763 2473 adduxit
778 2409 925 2493 prisones
940 2427 1048 2470 coram
1065 2407 1163 2490 Rege,
1174 2415 1208 2469 et
1218 2404 1344 2469 liberati

196 2519 275 2572 sunt
298 2508 428 2573 Maiori.
473 2508 571 2573 Cives
596 2532 674 2574 vero
700 2510 810 2574 statim
835 2517 1047 2573 narraverunt
1070 2528 1184 2570 versus
1206 2508 1280 2572 illos
1302 2507 1343 2571 de

195 2611 446 2695 Norbamptona
461 2611 501 2677 de
516 2612 770 2697 transgressione
784 2611 831 2675 eis
846 2612 929 2675 facta
950 2621 985 2674 et
1004 2610 1044 2674 de
1066 2621 1257 2695 contemptu
1271 2608 1345 2675 bre·

194 2715 284 2778 vium
301 2714 435 2778 Domini
452 2715 570 2799 Regis3
592 2715 638 2778 illi
652 2726 761 2779 autem
776 2714 1023 2799 responderunt.
1068 2712 1174 2797 Super
1188 2733 1251 2797 qua
1272 2735 1346 2777 nar·

195 2817 319 2880 ratione
335 2825 368 2880 et
383 2836 539 2900 responso
555 2817 718 2880 Dominus
734 2817 804 2880 Rex
825 2817 915 2882 dedit
928 2816 975 2880 eis
991 2815 1076 2880 diem
1099 2815 1140 2879 ad
1159 2815 1346 2880 habendum

190 2919 351 3005 judicium
365 2918 399 2982 in
415 2918 614 2995 crastiuum
636 2918 723 3003 quod
734 2918 894 3004 judicium
909 2918 985 2984 dare
999 2928 1034 2982 et
1045 2939 1159 3001 capere
1179 2917 1346 2983 colluden-

194 3021 294 3098 tibus,
309 3019 454 3105 positum
474 3019 537 3083 iuit
561 3019 594 3084 iu
618 3030 768 3104 respectu
789 3020 830 3085 de
852 3022 904 3087 die
926 3022 960 3085 in
984 3020 1069 3085 diem
1093 3018 1265 3105 plusquam
1288 3041 1347 3104 per

194 3123 336 3207 quinque
361 3123 569 3206 septimanas,
592 3132 626 3186 et
647 3132 773 3207 postea,
796 3123 891 3187 tertia
906 3121 957 3187 die
981 3131 1056 3186 ante
1074 3123 1192 3185 festum
1207 3123 1346 3186 Annun-

192 3224 336 3286 tiationis
346 3224 529 3301 Dominice,
541 3223 649 3287 Maior
659 3235 693 3288 et
703 3224 801 3289 Cives
812 3235 972 3288 venerunt
979 3222 1066 3309 apud
1077 3224 1216 3300 '1¹urrim,
1225 3233 1259 3288 et
1271 3224 1347 3286 Bu-

194 3321 250 3384 livi
262 3320 301 3383 de
311 3319 549 3397 Norbamtonru
564 3341 672 3385 coram
685 3322 831 3385 Domino
848 3324 935 3406 Rege
945 3323 979 3386 in
995 3346 1120 3388 camera
1135 3346 1204 3401 sua,
1215 3344 1347 3407 presen-

194 3422 282 3486 tibus
298 3419 342 3483 ibi
354 3421 492 3504 Capituli
502 3420 524 3484 J
527 3421 698 3500 ustitiario‚
710 3424 862 3508 Philippo
876 3425 1003 3503 Basset‚
1017 3424 1170 3489 Johanne
1182 3426 1347 3503 Maunsel‚

196 3523 339 3589 Roberto
351 3522 536 3601 Walerand‚
547 3533 581 3587 et
588 3522 659 3587 aliis
675 3525 715 3587 de
726 3525 861 3588 consilio
872 3525 1006 3589 Domini
1020 3526 1126 3609 Regis.
1157 3525 1255 3590 Cives
1269 3547 1347 3591 vero

196 3625 360 3709 petierunt
379 3623 537 3708 judicium
568 3644 663 3687 suum
687 3635 903 3709 respectatum
930 3627 1015 3692 inter
1035 3628 1125 3711 ipsos
1148 3637 1183 3692 et
1205 3626 1278 3691 illos
1302 3628 1343 3694 de

195 3726 422 3791 Norhamtona
433 3727 473 3789 de
485 3725 665 3789 narratione
682 3748 740 3789 sua
755 3737 789 3791 et
802 3748 959 3812 responso
974 3729 1113 3793 illorum.
1160 3729 1212 3793 Illi
1236 3740 1345 3796 autem

198 3831 238 3895 de
254 3829 480 3893 Norbamtoua
500 3828 652 3892 dixerunt
666 3829 754 3912 quod
768 3850 935 3914 nunquam
957 3830 1185 3915 responderint
1207 3831 1266 3910 eis,
1289 3834 1346 3898 sed

197 3932 342 3998 Domino
367 3931 457 4015 Regi,
480 3930 555 4016 quia
577 3951 644 3993 uon
667 3940 820 3995 tenentur
842 3931 993 4015 placitare
1017 3942 1108 3996 extra
1128 3955 1238 3998 muros
1254 3932 1346 4021 burgi

197 4035 259 4113 sui,
274 4043 307 4098 et
321 4033 396 4098 inde
411 4032 579 4117 proferunt
600 4042 721 4098 curtam
737 4032 872 4098 Domini
887 4033 995 4120 Regis,
1010 4056 1072 4120 qus
1087 4035 1172 4102 iacta
1185 4036 1248 4101 fuit
1260 4058 1346 4104 anno
