3540 4830
751 540 928 588 retract.
1350 543 1437 589 XXXV

237 688 294 747 had
308 709 339 747 so
352 688 441 758 acted,
456 690 587 749 returned
599 692 646 749 for
658 709 766 751 ansver
777 694 817 772 by
830 694 875 751 his
888 694 969 762 brief,
983 693 1040 752 and
1051 691 1100 750 the
1114 692 1254 751 aforesaid
1268 692 1388 750 Issbella
1401 694 1437 752 de

238 787 370 846 Fortibus
394 789 432 866 by
454 786 505 844 her
528 788 623 845 letters
647 797 753 865 patent,
776 789 837 848 that
859 790 910 848 she
938 790 995 848 had
1018 788 1234 865 acknovledged
1265 789 1361 846 before
1388 789 1437 847 the

235 882 373 942 aforesaid
388 883 497 942 Robert
510 883 574 943 that
587 884 638 942 she
651 904 708 944 was
721 906 739 944 a
752 887 850 944 debtor
864 896 894 943 to
917 886 966 944 the
979 886 1118 944 aforesaid
1133 885 1281 961 Margaret
1295 884 1436 944 Couutess

236 979 272 1036 of
288 980 400 1048 Devou,
423 981 470 1038 for
493 981 542 1039 the
562 982 655 1050 fruita,
680 982 778 1052 iesuee,
802 983 859 1041 aud
879 982 961 1041 other
983 983 1167 1040 emolumenta
1188 981 1279 1039 which
1304 981 1355 1040 she
1378 980 1437 1039 had

234 1076 360 1135 received
373 1077 401 1134 in
415 1077 464 1135 the
477 1079 544 1136 time
558 1079 591 1135 of
601 1078 648 1136 the
661 1079 800 1137 aforesaid
814 1080 991 1137 disturbanoe
1004 1080 1078 1137 from
1091 1079 1140 1137 the
1158 1098 1270 1136 mauors
1284 1077 1435 1148 aforesaid,

235 1173 264 1230 iu
279 1175 339 1231 834
352 1175 456 1241 marks,
471 1177 514 1234 5s.
527 1175 583 1232 and
601 1176 738 1252 sirpenoe,
752 1186 783 1233 to
796 1177 832 1234 be
845 1175 979 1235 rendered
1004 1184 1034 1234 at
1054 1177 1158 1234 certain
1183 1184 1268 1233 terme
1292 1175 1363 1232 until
1387 1175 1436 1233 the

234 1271 372 1328 aforesaid
384 1290 486 1350 money
500 1292 556 1329 vua
571 1271 643 1350 fully
657 1273 738 1349 paid;
758 1273 823 1341 and,
837 1275 866 1330 in
881 1293 944 1332 case
958 1274 992 1331 of
1007 1273 1056 1331 the
1069 1274 1183 1330 deomse
1196 1274 1229 1330 of
1239 1272 1329 1331 either
1342 1280 1433 1350 party,

234 1367 307 1425 their
325 1377 471 1425 executore
485 1388 556 1425 vere
576 1378 606 1426 to
629 1370 664 1426 be
684 1371 713 1427 in
735 1370 807 1427 their
820 1390 909 1428 room.
950 1371 1017 1428 “Et
1031 1370 1158 1428 similiter
1174 1369 1299 1446 predicta
1313 1368 1435 1428 Isabella

234 1466 367 1540 cognovit
380 1473 408 1522 et
422 1466 558 1523 concessit
570 1485 622 1542 pro
636 1485 666 1523 ee
679 1475 708 1523 et
721 1466 869 1525 heredibus
884 1468 941 1524 suris
958 1467 1035 1543 quod
1048 1469 1072 1524 ai
1085 1467 1199 1525 mobilia
1213 1467 1299 1543 ipsius
1314 1464 1435 1522 Iaabelle

233 1559 325 1616 adhuc
338 1579 395 1616 non
410 1560 557 1626 sufficiant,
571 1560 721 1636 obligatae
744 1571 771 1618 et
785 1563 910 1637 assignat
929 1562 1018 1619 eidem
1033 1562 1196 1638 Margarete
1216 1571 1266 1620 aut
1279 1559 1434 1618 executori·

233 1656 286 1713 bus
301 1657 358 1712 suis
372 1657 527 1713 manerium
540 1657 627 1732 ipsius
643 1656 762 1714 lsabelle
776 1657 810 1714 de
826 1657 1050 1734 Sevenhampton
1072 1659 1101 1715 in
1123 1659 1257 1715 comitatu
1271 1656 1434 1734 Wyltscina,

233 1752 310 1829 quod
322 1761 366 1811 est
384 1752 418 1809 de
432 1753 585 1810 hereditate
599 1755 686 1829 ipsius
700 1754 828 1820 Isabelle
843 1754 879 1812 ad
893 1773 1133 1830 quorumcumque
1156 1773 1257 1811 manus
1278 1754 1434 1810 manerium

232 1848 303 1905 illud
326 1849 475 1917 devenerit,
496 1848 654 1906 habendum
675 1857 704 1906 et
727 1849 878 1907 tenendum
900 1849 929 1905 in
954 1851 1109 1906 tenenciam
1133 1869 1198 1906 curu
1225 1849 1354 1906 omnibus
1375 1849 1433 1906 suris

232 1947 405 2024 pertiuentiis
432 1966 577 2022 quousque
603 1947 700 2004 eadem
727 1947 892 2022 Margareta
920 1947 965 2004 vel
993 1948 1037 2005 sui
1063 1955 1224 2004 executores
1252 1946 1286 2004 de
1313 1946 1433 2004 exitibus

230 2043 356 2120 ejusdem
369 2044 485 2101 manerii
503 2043 657 2101 levaverint
675 2044 820 2120 pecuniam
834 2062 888 2118 que
901 2062 919 2100 a
932 2050 1009 2101 retro
1027 2043 1120 2112 fuerit,
1134 2045 1173 2100 ita
1193 2052 1287 2100 tamen
1309 2042 1385 2119 quod
1399 2041 1433 2099 de

231 2140 306 2198 dicto
325 2141 449 2198 manerio
471 2141 580 2197 uullmu
602 2141 708 2198 faciam
731 2149 851 2210 vastum,
873 2141 1061 2198 venditionem
1088 2149 1137 2198 aut
1163 2140 1286 2210 exilium,
1307 2148 1340 2197 ut
1367 2157 1432 2196 oum

230 2238 376 2314 poeuniam
396 2237 486 2294 eidem
511 2238 674 2314 Margarete
697 2237 819 2295 debitam
840 2236 1003 2306 levaverint,
1024 2236 1179 2313 predictum
1198 2236 1353 2293 manerium
1367 2253 1432 2291 cum

230 2335 359 2391 omnibus
376 2335 433 2390 suis
446 2335 619 2410 pertiuentiis
633 2334 781 2392 heredibus
794 2333 917 2409 predicte
931 2333 1052 2391 laabelle
1073 2334 1220 2390 restituant
1230 2333 1259 2388 in
1273 2332 1343 2388 adeo
1356 2330 1431 2387 bono

231 2440 315 2502 statu,
330 2432 403 2487 sicut
415 2430 486 2486 illud
498 2430 658 2505 recipiant,”
669 2439 723 2487 etc.

271 2528 320 2585 On
333 2527 381 2583 the
397 2525 464 2583 Roll
486 2526 519 2582 of
539 2525 651 2582 Letters
667 2526 768 2584 Patent
781 2528 815 2583 of
833 2525 881 2583 the
895 2524 954 2584 did
967 2544 1035 2604 year
1055 2526 1090 2582 of
1101 2525 1202 2603 Henry
1216 2524 1272 2582 111.
1290 2525 1376 2591 1268,
1390 2540 1432 2581 vve

229 2624 296 2681 read
304 2642 335 2679 aa
343 2622 453 2678 follows
464 2643 472 2679 z
487 2629 505 2657 “
516 2621 577 2678 Rex
589 2623 728 2689 omnibus,
740 2630 792 2679 etc.
804 2621 932 2679 salutem.
947 2622 1048 2681 Sciatis
1059 2622 1135 2696 quod
1147 2621 1287 2697 Magister
1295 2620 1430 2688 Giffema,

229 2720 397 2778 camerarius
411 2718 576 2776 venerabilis
592 2720 679 2795 patris
694 2717 865 2797 0(ttoboni)
881 2718 979 2779 Sancti
994 2718 1114 2775 Adriani
1135 2717 1244 2775 diaconi
1259 2716 1428 2785 Cardinalis,

228 2816 379 2895 apostolice
400 2815 474 2874 sedis
488 2817 581 2893 legati,
595 2835 644 2892 per
657 2825 817 2893 preceptum
831 2825 959 2873 nostrum
972 2815 1077 2891 recepit
1090 2816 1257 2891 quingentas
1270 2832 1380 2871 marcas
1392 2812 1429 2870 ad

227 2934 297 2991 opus
321 2913 421 2970 dilecte
434 2913 515 2970 uobis
537 2912 593 2970 filie
608 2912 718 2970 Thome
734 2912 876 2989 quondam
897 2911 1016 2971 Comitis
1032 2911 1180 2978 Sobaudie,
1195 2930 1265 2987 quas
1288 2911 1341 2967 sibi
1362 2928 1429 2966 cou-

227 3011 361 3069 oeaaimus
374 3010 410 3067 ad
424 3030 454 3067 se
467 3009 652 3066 maritandam
667 3008 701 3065 de
714 3008 788 3065 dono
808 3017 905 3065 nostro
919 3008 1075 3066 dedecima
1087 3008 1168 3065 nobis
1186 3008 1216 3063 iu
1230 3025 1318 3082 reguo
1331 3013 1429 3062 nostro

226 3125 366 3173 concessa,
387 3105 522 3172 videlicet,
543 3123 561 3161 a
581 3103 746 3161 cancellario
767 3103 901 3163 Cioestrie
915 3103 949 3159 de
969 3103 1076 3160 decima
1096 3104 1271 3180 episcopatus
1293 3101 1428 3162 Cioestrie

226 3212 337 3261 centum
358 3211 386 3260 et
408 3200 592 3278 quadraginta
615 3219 733 3268 marcas,
757 3219 775 3257 a
798 3200 903 3257 decano
923 3200 1058 3258 Cioestrie
1082 3210 1111 3257 et
1134 3201 1260 3258 Roberto
1284 3200 1318 3256 de
1342 3197 1428 3256 Purle

225 3301 358 3358 canonico
379 3298 515 3357 Cioestrie
539 3296 671 3354 ducentas
695 3305 724 3353 et
748 3315 833 3354 unam
854 3315 973 3365 marcas,
995 3316 1013 3354 a
1037 3298 1130 3374 priore
1152 3297 1186 3353 de
1212 3295 1426 3353 Bormondeseia

224 3396 409 3474 quadraginta
429 3405 457 3452 et
471 3395 595 3471 quinque
613 3412 722 3450 marcas
743 3392 778 3450 de
801 3393 908 3450 decima
930 3394 1069 3469 prioratus
1094 3394 1146 3459 eui,
1168 3411 1186 3449 a
1208 3393 1301 3468 priore
1324 3392 1426 3451 Sancte

225 3492 382 3551 Katherine
396 3491 541 3548 Liucolnie
562 3500 673 3547 centum
692 3509 802 3547 marcae
816 3490 850 3547 de
864 3491 972 3547 decima
990 3491 1166 3565 episcopatus
1181 3487 1334 3553 Liucolnie,
1349 3485 1426 3542 etde

224 3589 324 3644 abbate
335 3587 368 3644 de
379 3586 525 3643 Waltham
538 3587 749 3660 quatuordecim
763 3605 872 3643 marcas
882 3586 917 3642 de
927 3586 1035 3643 decima
1048 3585 1159 3642 abbatie
1170 3603 1228 3640 sue.
1262 3583 1310 3640 De
1323 3582 1425 3656 quibua

223 3683 336 3761 quidem
343 3684 502 3758 quingentis
510 3683 611 3739 marcis
620 3682 760 3757 predictos
768 3683 973 3750 cancellarium,
983 3681 1126 3749 decanum,
1135 3678 1425 3754 Robertnm,priorem

223 3789 252 3838 et
266 3780 395 3837 abbatem
410 3779 519 3855 penitus
533 3779 688 3855 quictamus
702 3787 731 3835 et
744 3797 791 3835 eas
804 3780 834 3834 in
845 3778 975 3854 predictis
989 3777 1102 3834 decimis
1112 3776 1242 3833 volumus
1252 3784 1280 3831 et
1289 3775 1425 3833 faciemus

223 3877 346 3935 allooari.
369 3876 402 3933 Iu
413 3877 503 3951 cujus,
514 3884 568 3933 eto.
582 3875 667 3932 Teste
680 3874 760 3951 Rege
768 3874 842 3951 apud
855 3873 1134 3931 westmonasterium
1148 3872 1256 3929 decimo
1267 3871 1311 3929 die
1327 3871 1425 3928 Maiis·

265 3972 343 4030 That
356 3972 412 4030 thia
426 3973 481 4049 gift
500 3971 534 4030 of
550 3971 599 4029 the
614 3972 694 4048 Kiug
714 3980 744 4028 to
758 3970 915 4047 Margaret,
929 3969 1068 4046 daughter
1080 3970 1114 4026 of
1135 3968 1260 4027 'I'homaa
1279 3967 1381 4028 Comts
1394 3967 1428 4024 of

224 4067 327 4148 Savoy,
341 4090 398 4128 was
412 4069 492 4128 made
512 4070 541 4126 iu
555 4068 771 4145 contemplation
792 4068 826 4126 of
842 4068 893 4126 her
913 4067 1051 4144 marriage
1071 4066 1138 4125 with
1154 4065 1264 4125 Robert
1277 4062 1425 4141 Aguillou,
