<?xml version="1.0" encoding="UTF-8"?>
<!DOCTYPE html PUBLIC "-//W3C//DTD XHTML 1.0 Transitional//EN"
    "http://www.w3.org/TR/xhtml1/DTD/xhtml1-transitional.dtd">
<html xmlns="http://www.w3.org/1999/xhtml" xml:lang="en" lang="en">
 <head>
  <title>
</title>
<meta http-equiv="Content-Type" content="text/html;charset=utf-8" />
  <meta name='ocr-system' content='tesseract 3.04.00' />
  <meta name='ocr-capabilities' content='ocr_page ocr_carea ocr_par ocr_line ocrx_word'/>
</head>
<body>
  <div class='ocr_page' id='page_1' title='image "./deantiquislegib01fitzgoog_0186.png"; bbox 0 0 3540 4830; ppageno 0'>
   <div class='ocr_carea' id='block_1_1' title="bbox 751 434 928 478">
    <p class='ocr_par' dir='ltr' id='par_1_1' title="bbox 751 434 928 478">
     <span class='ocr_line' id='line_1_1' title="bbox 751 434 928 478; baseline -0.017 0"><span class='ocrx_word' id='word_1_1' title='bbox 751 434 928 478; x_wconf 76' lang='lat' dir='ltr'>PBEB&#39;ACB.</span> 
     </span>
    </p>
   </div>
   <div class='ocr_carea' id='block_1_2' title="bbox 238 579 1237 759">
    <p class='ocr_par' dir='ltr' id='par_1_2' title="bbox 238 579 1237 759">
     <span class='ocr_line' id='line_1_2' title="bbox 238 579 1237 666; baseline -0.013 -18"><span class='ocrx_word' id='word_1_2' title='bbox 238 591 327 666; x_wconf 84' lang='lat' dir='ltr'>reign,</span> <span class='ocrx_word' id='word_1_3' title='bbox 342 589 474 666; x_wconf 73' lang='lat' dir='ltr'>guinting</span> <span class='ocrx_word' id='word_1_4' title='bbox 489 588 536 646; x_wconf 89' lang='lat' dir='ltr'>the</span> <span class='ocrx_word' id='word_1_5' title='bbox 556 587 711 645; x_wconf 84' lang='lat' dir='ltr'>reversiuns</span> <span class='ocrx_word' id='word_1_6' title='bbox 725 588 758 644; x_wconf 86' lang='lat' dir='ltr'>oi</span> <span class='ocrx_word' id='word_1_7' title='bbox 778 587 825 644; x_wconf 90' lang='lat' dir='ltr'>the</span> <span class='ocrx_word' id='word_1_8' title='bbox 839 605 915 644; x_wconf 87' lang='lat' dir='ltr'>same</span> <span class='ocrx_word' id='word_1_9' title='bbox 929 585 1001 643; x_wconf 84' lang='lat' dir='ltr'>aiter</span> <span class='ocrx_word' id='word_1_10' title='bbox 1014 582 1062 640; x_wconf 90' lang='lat' dir='ltr'>the</span> <span class='ocrx_word' id='word_1_11' title='bbox 1076 581 1190 638; x_wconf 85' lang='lat' dir='ltr'>decease</span> <span class='ocrx_word' id='word_1_12' title='bbox 1204 579 1237 637; x_wconf 82' lang='lat' dir='ltr'>ui</span> 
     </span>
     <span class='ocr_line' id='line_1_3' title="bbox 239 681 1117 759; baseline -0.01 -13"><span class='ocrx_word' id='word_1_13' title='bbox 239 688 386 756; x_wconf 88' lang='lat' dir='ltr'>Cubham;</span> <span class='ocrx_word' id='word_1_14' title='bbox 405 688 459 745; x_wconf 91' lang='lat' dir='ltr'>and</span> <span class='ocrx_word' id='word_1_15' title='bbox 474 687 502 742; x_wconf 91' lang='lat' dir='ltr'>in</span> <span class='ocrx_word' id='word_1_16' title='bbox 517 686 573 743; x_wconf 84' lang='lat' dir='ltr'><strong>like</strong></span> <span class='ocrx_word' id='word_1_17' title='bbox 586 686 659 742; x_wconf 84' lang='lat' dir='ltr'>iurm</span> <span class='ocrx_word' id='word_1_18' title='bbox 673 705 705 743; x_wconf 89' lang='lat' dir='ltr'>as</span> <span class='ocrx_word' id='word_1_19' title='bbox 719 694 748 742; x_wconf 88' lang='lat' dir='ltr'>tu</span> <span class='ocrx_word' id='word_1_20' title='bbox 763 685 811 743; x_wconf 91' lang='lat' dir='ltr'>the</span> <span class='ocrx_word' id='word_1_21' title='bbox 825 704 925 742; x_wconf 87' lang='lat' dir='ltr'>mauur</span> <span class='ocrx_word' id='word_1_22' title='bbox 939 683 973 741; x_wconf 84' lang='lat' dir='ltr'>ui</span> <span class='ocrx_word' id='word_1_23' title='bbox 990 681 1088 759; x_wconf 89' lang='lat' dir='ltr'>Byrlin</span> <span class='ocrx_word' id='word_1_24' title='bbox 1111 721 1117 743; x_wconf 92' lang='lat'>‚</span> 
     </span>
    </p>
   </div>
   <div class='ocr_carea' id='block_1_3' title="bbox 228 895 1443 4142">
    <p class='ocr_par' dir='ltr' id='par_1_3' title="bbox 228 895 1443 4142">
     <span class='ocr_line' id='line_1_4' title="bbox 237 895 1443 970; baseline -0.004 -22"><span class='ocrx_word' id='word_1_25' title='bbox 237 903 362 948; x_wconf 87' lang='lat' dir='ltr'>dominum</span> <span class='ocrx_word' id='word_1_26' title='bbox 373 915 450 961; x_wconf 98' lang='lat' dir='ltr'>nuper</span> <span class='ocrx_word' id='word_1_27' title='bbox 462 900 550 959; x_wconf 82' lang='lat' dir='ltr'>Regem</span> <span class='ocrx_word' id='word_1_28' title='bbox 562 899 595 943; x_wconf 87' lang='lat' dir='ltr'>eis</span> <span class='ocrx_word' id='word_1_29' title='bbox 607 898 669 943; x_wconf 87' lang='lat' dir='ltr'>iacta</span> <span class='ocrx_word' id='word_1_30' title='bbox 680 910 721 942; x_wconf 90' lang='lat' dir='ltr'>seu</span> <span class='ocrx_word' id='word_1_31' title='bbox 738 895 872 955; x_wconf 83' lang='lat' dir='ltr'>acceptaeiu</span> <span class='ocrx_word' id='word_1_32' title='bbox 898 906 1030 965; x_wconf 35' lang='lat' dir='ltr'>‘ejusdem</span> <span class='ocrx_word' id='word_1_33' title='bbox 1047 921 1096 952; x_wconf 66' lang='lat'>110„</span> <span class='ocrx_word' id='word_1_34' title='bbox 1114 909 1228 955; x_wconf 57' lang='lat' dir='ltr'>omme,</span> <span class='ocrx_word' id='word_1_35' title='bbox 1262 907 1357 956; x_wconf 52' lang='lat' dir='ltr'>Vinum</span> <span class='ocrx_word' id='word_1_36' title='bbox 1369 910 1443 970; x_wconf 65' lang='grc' dir='ltr'>ῑμῑω</span> 
     </span>
     <span class='ocr_line' id='line_1_5' title="bbox 237 945 1440 1065; baseline 0.007 -36"><span class='ocrx_word' id='word_1_37' title='bbox 237 984 295 1030; x_wconf 91' lang='lat' dir='ltr'>duni</span> <span class='ocrx_word' id='word_1_38' title='bbox 314 990 338 1030; x_wconf 92' lang='lat' dir='ltr'>et</span> <span class='ocrx_word' id='word_1_39' title='bbox 354 983 510 1030; x_wconf 84' lang='lat' dir='ltr'>concessionis</span> <span class='ocrx_word' id='word_1_40' title='bbox 529 945 922 1065; x_wconf 53' lang='lat' dir='ltr'>prediotupjlsilhtteevssffdolf</span> <span class='ocrx_word' id='word_1_41' title='bbox 937 988 1051 1046; x_wconf 73' lang='lat' dir='ltr'>predictis</span> <span class='ocrx_word' id='word_1_42' title='bbox 1067 987 1190 1035; x_wconf 87' lang='lat' dir='ltr'>Willelmu</span> <span class='ocrx_word' id='word_1_43' title='bbox 1207 991 1305 1037; x_wconf 86' lang='lat' dir='ltr'>Cliiiurd</span> <span class='ocrx_word' id='word_1_44' title='bbox 1325 999 1349 1037; x_wconf 87' lang='lat' dir='ltr'>et</span> <span class='ocrx_word' id='word_1_45' title='bbox 1360 993 1440 1048; x_wconf 81' lang='lat' dir='ltr'>Anne,</span> 
     </span>
     <span class='ocr_line' id='line_1_6' title="bbox 238 1065 1440 1133; baseline 0.007 -22"><span class='ocrx_word' id='word_1_46' title='bbox 238 1065 359 1112; x_wconf 87' lang='lat' dir='ltr'>Willelmo</span> <span class='ocrx_word' id='word_1_47' title='bbox 368 1074 392 1112; x_wconf 90' lang='lat' dir='ltr'>et</span> <span class='ocrx_word' id='word_1_48' title='bbox 399 1066 415 1111; x_wconf 87' lang='lat' dir='ltr'>J</span> <span class='ocrx_word' id='word_1_49' title='bbox 417 1067 659 1133; x_wconf 62' lang='lat' dir='ltr'>chrunuatturrtdvit</span> <span class='ocrx_word' id='word_1_50' title='bbox 668 1073 691 1113; x_wconf 93' lang='lat' dir='ltr'>et</span> <span class='ocrx_word' id='word_1_51' title='bbox 702 1074 782 1127; x_wconf 84' lang='lat' dir='ltr'>postea</span> <span class='ocrx_word' id='word_1_52' title='bbox 793 1069 823 1114; x_wconf 92' lang='lat' dir='ltr'>de</span> <span class='ocrx_word' id='word_1_53' title='bbox 834 1075 897 1115; x_wconf 87' lang='lat' dir='ltr'>statu</span> <span class='ocrx_word' id='word_1_54' title='bbox 908 1085 951 1116; x_wconf 88' lang='lat' dir='ltr'>suo</span> <span class='ocrx_word' id='word_1_55' title='bbox 962 1071 1070 1130; x_wconf 89' lang='lat' dir='ltr'>predicto</span> <span class='ocrx_word' id='word_1_56' title='bbox 1081 1071 1137 1117; x_wconf 85' lang='lat' dir='ltr'>iude</span> <span class='ocrx_word' id='word_1_57' title='bbox 1150 1079 1260 1132; x_wconf 83' lang='lat' dir='ltr'>pretextu</span> <span class='ocrx_word' id='word_1_58' title='bbox 1272 1075 1440 1133; x_wconf 75' lang='lat' dir='ltr'>premissorum</span> 
     </span>
     <span class='ocr_line' id='line_1_7' title="bbox 238 1136 1439 1215; baseline 0.007 -21"><span class='ocrx_word' id='word_1_59' title='bbox 238 1148 296 1194; x_wconf 86' lang='lat' dir='ltr'>obiit</span> <span class='ocrx_word' id='word_1_60' title='bbox 312 1148 413 1194; x_wconf 80' lang='lat' dir='ltr'>seisitus.</span> <span class='ocrx_word' id='word_1_61' title='bbox 456 1136 488 1193; x_wconf 81' lang='lat' dir='ltr'>Bt</span> <span class='ocrx_word' id='word_1_62' title='bbox 510 1148 595 1193; x_wconf 90' lang='lat' dir='ltr'>dicunt</span> <span class='ocrx_word' id='word_1_63' title='bbox 614 1149 679 1208; x_wconf 89' lang='lat' dir='ltr'>quud</span> <span class='ocrx_word' id='word_1_64' title='bbox 697 1150 832 1208; x_wconf 88' lang='lat' dir='ltr'>predictum</span> <span class='ocrx_word' id='word_1_65' title='bbox 851 1153 984 1197; x_wconf 87' lang='lat' dir='ltr'>manerium</span> <span class='ocrx_word' id='word_1_66' title='bbox 1002 1153 1033 1198; x_wconf 88' lang='lat' dir='ltr'>de</span> <span class='ocrx_word' id='word_1_67' title='bbox 1050 1152 1201 1215; x_wconf 70' lang='lat' dir='ltr'>Quinbergh‚</span> <span class='ocrx_word' id='word_1_68' title='bbox 1220 1156 1325 1215; x_wconf 83' lang='lat' dir='ltr'>exceptis</span> <span class='ocrx_word' id='word_1_69' title='bbox 1341 1155 1439 1202; x_wconf 83' lang='lat' dir='ltr'>cxxviii.</span> 
     </span>
     <span class='ocr_line' id='line_1_8' title="bbox 236 1229 1439 1296; baseline 0.005 -21"><span class='ocrx_word' id='word_1_70' title='bbox 236 1229 296 1275; x_wconf 85' lang='lat' dir='ltr'>neris</span> <span class='ocrx_word' id='word_1_71' title='bbox 307 1236 369 1276; x_wconf 82' lang='lat' dir='ltr'>terre</span> <span class='ocrx_word' id='word_1_72' title='bbox 388 1230 413 1274; x_wconf 92' lang='lat' dir='ltr'>in</span> <span class='ocrx_word' id='word_1_73' title='bbox 432 1229 515 1276; x_wconf 86' lang='lat' dir='ltr'>eudem</span> <span class='ocrx_word' id='word_1_74' title='bbox 532 1231 646 1286; x_wconf 85' lang='lat' dir='ltr'>manerio,</span> <span class='ocrx_word' id='word_1_75' title='bbox 665 1237 760 1277; x_wconf 89' lang='lat' dir='ltr'>tenetur</span> <span class='ocrx_word' id='word_1_76' title='bbox 776 1232 806 1277; x_wconf 89' lang='lat' dir='ltr'>de</span> <span class='ocrx_word' id='word_1_77' title='bbox 823 1234 920 1278; x_wconf 89' lang='lat' dir='ltr'>dominu</span> <span class='ocrx_word' id='word_1_78' title='bbox 939 1234 1003 1294; x_wconf 83' lang='lat' dir='ltr'>Rege</span> <span class='ocrx_word' id='word_1_79' title='bbox 1026 1234 1050 1279; x_wconf 89' lang='lat' dir='ltr'>in</span> <span class='ocrx_word' id='word_1_80' title='bbox 1070 1236 1148 1295; x_wconf 81' lang='lat' dir='ltr'>eapite</span> <span class='ocrx_word' id='word_1_81' title='bbox 1167 1250 1210 1296; x_wconf 87' lang='lat' dir='ltr'>per</span> <span class='ocrx_word' id='word_1_82' title='bbox 1225 1238 1350 1283; x_wconf 74' lang='lat' dir='ltr'>servicium</span> <span class='ocrx_word' id='word_1_83' title='bbox 1368 1237 1439 1282; x_wconf 92' lang='lat' dir='ltr'>unius</span> 
     </span>
     <span class='ocr_line' id='line_1_9' title="bbox 238 1311 1437 1378; baseline 0.006 -22"><span class='ocrx_word' id='word_1_84' title='bbox 238 1311 300 1357; x_wconf 82' lang='lat' dir='ltr'>leudi</span> <span class='ocrx_word' id='word_1_85' title='bbox 312 1311 403 1367; x_wconf 82' lang='lat' dir='ltr'>militis,</span> <span class='ocrx_word' id='word_1_86' title='bbox 416 1316 439 1356; x_wconf 93' lang='lat' dir='ltr'>et</span> <span class='ocrx_word' id='word_1_87' title='bbox 451 1311 515 1370; x_wconf 92' lang='lat' dir='ltr'>quud</span> <span class='ocrx_word' id='word_1_88' title='bbox 527 1312 633 1370; x_wconf 87' lang='lat' dir='ltr'>predicte</span> <span class='ocrx_word' id='word_1_89' title='bbox 652 1312 749 1358; x_wconf 80' lang='lat' dir='ltr'><strong>cxxviii.</strong></span> <span class='ocrx_word' id='word_1_90' title='bbox 769 1326 823 1357; x_wconf 84' lang='lat' dir='ltr'>acre</span> <span class='ocrx_word' id='word_1_91' title='bbox 840 1318 903 1357; x_wconf 84' lang='lat' dir='ltr'>terre</span> <span class='ocrx_word' id='word_1_92' title='bbox 922 1319 1036 1358; x_wconf 91' lang='lat' dir='ltr'>tenentur</span> <span class='ocrx_word' id='word_1_93' title='bbox 1046 1314 1076 1358; x_wconf 88' lang='lat' dir='ltr'>de</span> <span class='ocrx_word' id='word_1_94' title='bbox 1088 1317 1194 1361; x_wconf 88' lang='lat' dir='ltr'>manerio</span> <span class='ocrx_word' id='word_1_95' title='bbox 1206 1317 1236 1361; x_wconf 90' lang='lat' dir='ltr'>du</span> <span class='ocrx_word' id='word_1_96' title='bbox 1257 1316 1437 1378; x_wconf 78' lang='lat' dir='ltr'>llardyngham‚</span> 
     </span>
     <span class='ocr_line' id='line_1_10' title="bbox 236 1392 1438 1457; baseline 0.006 -20"><span class='ocrx_word' id='word_1_97' title='bbox 236 1407 279 1452; x_wconf 90' lang='lat' dir='ltr'>per</span> <span class='ocrx_word' id='word_1_98' title='bbox 289 1393 355 1452; x_wconf 90' lang='lat' dir='ltr'>quud</span> <span class='ocrx_word' id='word_1_99' title='bbox 367 1393 492 1438; x_wconf 73' lang='lat' dir='ltr'><strong>servicium</strong></span> <span class='ocrx_word' id='word_1_100' title='bbox 504 1394 624 1452; x_wconf 82' lang='lat' dir='ltr'>ignorant.</span> <span class='ocrx_word' id='word_1_101' title='bbox 660 1392 783 1453; x_wconf 82' lang='lat' dir='ltr'>(Extant.)</span> <span class='ocrx_word' id='word_1_102' title='bbox 819 1393 849 1438; x_wconf 86' lang='lat' dir='ltr'>Et</span> <span class='ocrx_word' id='word_1_103' title='bbox 861 1395 926 1453; x_wconf 87' lang='lat' dir='ltr'>quud</span> <span class='ocrx_word' id='word_1_104' title='bbox 938 1395 1107 1440; x_wconf 75' lang='lat' dir='ltr'>advocaeiunes</span> <span class='ocrx_word' id='word_1_105' title='bbox 1118 1396 1216 1442; x_wconf 72' lang='lat' dir='ltr'>ecclesie</span> <span class='ocrx_word' id='word_1_106' title='bbox 1225 1398 1331 1457; x_wconf 83' lang='lat' dir='ltr'>predicte</span> <span class='ocrx_word' id='word_1_107' title='bbox 1342 1398 1398 1443; x_wconf 75' lang='lat' dir='ltr'>ville</span> <span class='ocrx_word' id='word_1_108' title='bbox 1408 1399 1438 1444; x_wconf 89' lang='lat' dir='ltr'>de</span> 
     </span>
     <span class='ocr_line' id='line_1_11' title="bbox 236 1473 1436 1539; baseline 0.006 -20"><span class='ocrx_word' id='word_1_109' title='bbox 236 1474 376 1533; x_wconf 72' lang='lat' dir='ltr'>Quinbergh</span> <span class='ocrx_word' id='word_1_110' title='bbox 389 1481 412 1519; x_wconf 90' lang='lat' dir='ltr'>et</span> <span class='ocrx_word' id='word_1_111' title='bbox 421 1473 516 1519; x_wconf 74' lang='lat' dir='ltr'>ecclesie</span> <span class='ocrx_word' id='word_1_112' title='bbox 528 1474 583 1519; x_wconf 80' lang='lat' dir='ltr'>ville</span> <span class='ocrx_word' id='word_1_113' title='bbox 594 1475 624 1519; x_wconf 92' lang='lat' dir='ltr'>de</span> <span class='ocrx_word' id='word_1_114' title='bbox 636 1475 737 1520; x_wconf 86' lang='lat' dir='ltr'>Gersten</span> <span class='ocrx_word' id='word_1_115' title='bbox 750 1475 869 1533; x_wconf 84' lang='lat' dir='ltr'>pertinent</span> <span class='ocrx_word' id='word_1_116' title='bbox 880 1475 958 1521; x_wconf 88' lang='lat' dir='ltr'>eidem</span> <span class='ocrx_word' id='word_1_117' title='bbox 969 1477 1083 1532; x_wconf 89' lang='lat' dir='ltr'>manerio,</span> <span class='ocrx_word' id='word_1_118' title='bbox 1095 1478 1160 1523; x_wconf 85' lang='lat' dir='ltr'>unde</span> <span class='ocrx_word' id='word_1_119' title='bbox 1172 1479 1302 1539; x_wconf 81' lang='lat' dir='ltr'>Qwinberg</span> <span class='ocrx_word' id='word_1_120' title='bbox 1312 1479 1375 1526; x_wconf 82' lang='lat' dir='ltr'>valet</span> <span class='ocrx_word' id='word_1_121' title='bbox 1385 1481 1436 1526; x_wconf 83' lang='lat' dir='ltr'>xli.</span> 
     </span>
     <span class='ocr_line' id='line_1_12' title="bbox 236 1555 1438 1619; baseline 0.003 -17"><span class='ocrx_word' id='word_1_122' title='bbox 236 1563 259 1601; x_wconf 83' lang='lat' dir='ltr'>st</span> <span class='ocrx_word' id='word_1_123' title='bbox 271 1556 373 1602; x_wconf 83' lang='lat' dir='ltr'>Gerstun</span> <span class='ocrx_word' id='word_1_124' title='bbox 385 1570 419 1600; x_wconf 82' lang='lat' dir='ltr'>xx</span> <span class='ocrx_word' id='word_1_125' title='bbox 435 1570 534 1601; x_wconf 84' lang='lat' dir='ltr'>mareas.</span> <span class='ocrx_word' id='word_1_126' title='bbox 570 1555 668 1601; x_wconf 86' lang='lat' dir='ltr'>Cantele</span> <span class='ocrx_word' id='word_1_127' title='bbox 686 1557 818 1601; x_wconf 84' lang='lat' dir='ltr'>manerium</span> <span class='ocrx_word' id='word_1_128' title='bbox 831 1563 963 1613; x_wconf 85' lang='lat' dir='ltr'>extentum,</span> <span class='ocrx_word' id='word_1_129' title='bbox 977 1565 1000 1602; x_wconf 91' lang='lat' dir='ltr'>et</span> <span class='ocrx_word' id='word_1_130' title='bbox 1011 1558 1076 1617; x_wconf 87' lang='lat' dir='ltr'>quud</span> <span class='ocrx_word' id='word_1_131' title='bbox 1087 1559 1213 1604; x_wconf 75' lang='lat' dir='ltr'>advocacie</span> <span class='ocrx_word' id='word_1_132' title='bbox 1224 1560 1320 1606; x_wconf 89' lang='lat' dir='ltr'>ecclesie</span> <span class='ocrx_word' id='word_1_133' title='bbox 1332 1561 1438 1619; x_wconf 82' lang='lat' dir='ltr'>predicte</span> 
     </span>
     <span class='ocr_line' id='line_1_13' title="bbox 236 1637 1435 1698; baseline 0.002 -15"><span class='ocrx_word' id='word_1_134' title='bbox 236 1638 290 1684; x_wconf 78' lang='lat' dir='ltr'>ville</span> <span class='ocrx_word' id='word_1_135' title='bbox 301 1639 404 1698; x_wconf 89' lang='lat' dir='ltr'>pertinet</span> <span class='ocrx_word' id='word_1_136' title='bbox 412 1638 496 1683; x_wconf 89' lang='lat' dir='ltr'>eudem</span> <span class='ocrx_word' id='word_1_137' title='bbox 508 1639 612 1684; x_wconf 85' lang='lat' dir='ltr'>manerio</span> <span class='ocrx_word' id='word_1_138' title='bbox 624 1645 647 1684; x_wconf 91' lang='lat' dir='ltr'>et</span> <span class='ocrx_word' id='word_1_139' title='bbox 659 1637 720 1682; x_wconf 79' lang='lat' dir='ltr'>volet</span> <span class='ocrx_word' id='word_1_140' title='bbox 731 1652 765 1681; x_wconf 81' lang='lat' dir='ltr'>xx</span> <span class='ocrx_word' id='word_1_141' title='bbox 774 1637 853 1682; x_wconf 77' lang='lat' dir='ltr'>libras.</span> <span class='ocrx_word' id='word_1_142' title='bbox 900 1637 932 1682; x_wconf 86' lang='lat' dir='ltr'>Et</span> <span class='ocrx_word' id='word_1_143' title='bbox 949 1638 973 1682; x_wconf 92' lang='lat' dir='ltr'>in</span> <span class='ocrx_word' id='word_1_144' title='bbox 992 1638 1097 1682; x_wconf 88' lang='lat' dir='ltr'>manerio</span> <span class='ocrx_word' id='word_1_145' title='bbox 1112 1638 1142 1682; x_wconf 88' lang='lat' dir='ltr'>de</span> <span class='ocrx_word' id='word_1_146' title='bbox 1162 1637 1268 1695; x_wconf 83' lang='lat' dir='ltr'>Cuntele,</span> <span class='ocrx_word' id='word_1_147' title='bbox 1286 1639 1394 1685; x_wconf 82' lang='lat' dir='ltr'>videlicet</span> <span class='ocrx_word' id='word_1_148' title='bbox 1411 1641 1435 1684; x_wconf 91' lang='lat' dir='ltr'>in</span> 
     </span>
     <span class='ocr_line' id='line_1_14' title="bbox 237 1718 1436 1779; baseline 0.003 -16"><span class='ocrx_word' id='word_1_149' title='bbox 237 1719 298 1765; x_wconf 81' lang='lat' dir='ltr'>villis</span> <span class='ocrx_word' id='word_1_150' title='bbox 314 1720 395 1765; x_wconf 78' lang='lat' dir='ltr'>castre</span> <span class='ocrx_word' id='word_1_151' title='bbox 414 1718 501 1765; x_wconf 78' lang='lat' dir='ltr'>Sancte</span> <span class='ocrx_word' id='word_1_152' title='bbox 518 1719 639 1765; x_wconf 76' lang='lat' dir='ltr'>Trinitatis</span> <span class='ocrx_word' id='word_1_153' title='bbox 655 1727 679 1765; x_wconf 88' lang='lat' dir='ltr'>et</span> <span class='ocrx_word' id='word_1_154' title='bbox 696 1718 776 1764; x_wconf 70' lang='lat' dir='ltr'>castre</span> <span class='ocrx_word' id='word_1_155' title='bbox 794 1718 875 1764; x_wconf 85' lang='lat' dir='ltr'>Sancti</span> <span class='ocrx_word' id='word_1_156' title='bbox 897 1719 1019 1764; x_wconf 84' lang='lat' dir='ltr'>Bdmundi</span> <span class='ocrx_word' id='word_1_157' title='bbox 1036 1719 1060 1762; x_wconf 92' lang='lat' dir='ltr'>in</span> <span class='ocrx_word' id='word_1_158' title='bbox 1078 1718 1204 1763; x_wconf 89' lang='lat' dir='ltr'>hundredo</span> <span class='ocrx_word' id='word_1_159' title='bbox 1216 1719 1246 1763; x_wconf 89' lang='lat' dir='ltr'>de</span> <span class='ocrx_word' id='word_1_160' title='bbox 1258 1720 1363 1779; x_wconf 82' lang='lat' dir='ltr'>Fstllegg</span> <span class='ocrx_word' id='word_1_161' title='bbox 1380 1728 1436 1766; x_wconf 90' lang='lat' dir='ltr'>sunt</span> 
     </span>
     <span class='ocr_line' id='line_1_15' title="bbox 235 1799 1435 1860; baseline -0.001 -13"><span class='ocrx_word' id='word_1_162' title='bbox 235 1807 297 1847; x_wconf 85' lang='lat' dir='ltr'>terre</span> <span class='ocrx_word' id='word_1_163' title='bbox 322 1807 346 1847; x_wconf 86' lang='lat' dir='ltr'>et</span> <span class='ocrx_word' id='word_1_164' title='bbox 372 1802 446 1857; x_wconf 83' lang='lat' dir='ltr'>curia,</span> <span class='ocrx_word' id='word_1_165' title='bbox 462 1807 487 1846; x_wconf 90' lang='lat' dir='ltr'>et</span> <span class='ocrx_word' id='word_1_166' title='bbox 504 1801 587 1847; x_wconf 91' lang='lat' dir='ltr'>dicunt</span> <span class='ocrx_word' id='word_1_167' title='bbox 604 1803 669 1860; x_wconf 90' lang='lat' dir='ltr'>quud</span> <span class='ocrx_word' id='word_1_168' title='bbox 686 1801 809 1846; x_wconf 79' lang='lat' dir='ltr'>advocatio</span> <span class='ocrx_word' id='word_1_169' title='bbox 826 1801 923 1846; x_wconf 73' lang='lat' dir='ltr'>ecclesie</span> <span class='ocrx_word' id='word_1_170' title='bbox 941 1800 1022 1845; x_wconf 78' lang='lat' dir='ltr'>Sancti</span> <span class='ocrx_word' id='word_1_171' title='bbox 1040 1800 1164 1844; x_wconf 87' lang='lat' dir='ltr'>Bdmundi</span> <span class='ocrx_word' id='word_1_172' title='bbox 1182 1799 1212 1844; x_wconf 90' lang='lat' dir='ltr'>de</span> <span class='ocrx_word' id='word_1_173' title='bbox 1231 1799 1313 1846; x_wconf 82' lang='lat' dir='ltr'>Castra</span> <span class='ocrx_word' id='word_1_174' title='bbox 1332 1801 1435 1860; x_wconf 88' lang='lat' dir='ltr'>pertinet</span> 
     </span>
     <span class='ocr_line' id='line_1_16' title="bbox 235 1881 1435 1942; baseline 0.001 -15"><span class='ocrx_word' id='word_1_175' title='bbox 235 1883 339 1928; x_wconf 83' lang='lat' dir='ltr'>manerio</span> <span class='ocrx_word' id='word_1_176' title='bbox 356 1881 387 1926; x_wconf 89' lang='lat' dir='ltr'>de</span> <span class='ocrx_word' id='word_1_177' title='bbox 404 1881 502 1926; x_wconf 84' lang='lat' dir='ltr'>Cantele</span> <span class='ocrx_word' id='word_1_178' title='bbox 518 1888 542 1927; x_wconf 88' lang='lat' dir='ltr'>et</span> <span class='ocrx_word' id='word_1_179' title='bbox 558 1882 619 1927; x_wconf 72' lang='lat' dir='ltr'>salet</span> <span class='ocrx_word' id='word_1_180' title='bbox 637 1898 652 1926; x_wconf 86' lang='lat' dir='ltr'>x</span> <span class='ocrx_word' id='word_1_181' title='bbox 670 1896 768 1936; x_wconf 86' lang='lat' dir='ltr'>mareas,</span> <span class='ocrx_word' id='word_1_182' title='bbox 780 1888 803 1927; x_wconf 90' lang='lat' dir='ltr'>et</span> <span class='ocrx_word' id='word_1_183' title='bbox 820 1883 885 1942; x_wconf 90' lang='lat' dir='ltr'>quud</span> <span class='ocrx_word' id='word_1_184' title='bbox 898 1882 1031 1940; x_wconf 88' lang='lat' dir='ltr'>predictum</span> <span class='ocrx_word' id='word_1_185' title='bbox 1043 1881 1176 1926; x_wconf 87' lang='lat' dir='ltr'>manerium</span> <span class='ocrx_word' id='word_1_186' title='bbox 1190 1887 1286 1926; x_wconf 89' lang='lat' dir='ltr'>tenetur</span> <span class='ocrx_word' id='word_1_187' title='bbox 1296 1882 1327 1927; x_wconf 88' lang='lat' dir='ltr'>de</span> <span class='ocrx_word' id='word_1_188' title='bbox 1338 1882 1435 1928; x_wconf 91' lang='lat' dir='ltr'>domino</span> 
     </span>
     <span class='ocr_line' id='line_1_17' title="bbox 237 1963 1433 2024; baseline 0.001 -16"><span class='ocrx_word' id='word_1_189' title='bbox 237 1963 302 2024; x_wconf 77' lang='lat' dir='ltr'>Rege</span> <span class='ocrx_word' id='word_1_190' title='bbox 313 1965 337 2008; x_wconf 91' lang='lat' dir='ltr'>in</span> <span class='ocrx_word' id='word_1_191' title='bbox 348 1964 426 2022; x_wconf 82' lang='lat' dir='ltr'>capite</span> <span class='ocrx_word' id='word_1_192' title='bbox 438 1978 480 2022; x_wconf 92' lang='lat' dir='ltr'>per</span> <span class='ocrx_word' id='word_1_193' title='bbox 490 1964 614 2008; x_wconf 85' lang='lat' dir='ltr'>servicium</span> <span class='ocrx_word' id='word_1_194' title='bbox 626 1964 698 2009; x_wconf 85' lang='lat' dir='ltr'>unius</span> <span class='ocrx_word' id='word_1_195' title='bbox 709 1964 800 2010; x_wconf 87' lang='lat' dir='ltr'>militis.</span> <span class='ocrx_word' id='word_1_196' title='bbox 834 1964 1023 2024; x_wconf 81' lang='lat' dir='ltr'>Strumpshaghe</span> <span class='ocrx_word' id='word_1_197' title='bbox 1035 1964 1168 2009; x_wconf 86' lang='lat' dir='ltr'>manerium</span> <span class='ocrx_word' id='word_1_198' title='bbox 1185 1969 1317 2019; x_wconf 81' lang='lat' dir='ltr'>extentum,</span> <span class='ocrx_word' id='word_1_199' title='bbox 1328 1970 1354 2009; x_wconf 87' lang='lat' dir='ltr'>et</span> <span class='ocrx_word' id='word_1_200' title='bbox 1369 1964 1433 2022; x_wconf 91' lang='lat' dir='ltr'>quud</span> 
     </span>
     <span class='ocr_line' id='line_1_18' title="bbox 234 2044 1434 2105; baseline -0.001 -13"><span class='ocrx_word' id='word_1_201' title='bbox 234 2047 370 2092; x_wconf 85' lang='lat' dir='ltr'>tuneturda</span> <span class='ocrx_word' id='word_1_202' title='bbox 383 2046 486 2090; x_wconf 90' lang='lat' dir='ltr'>Domino</span> <span class='ocrx_word' id='word_1_203' title='bbox 504 2044 570 2105; x_wconf 80' lang='lat' dir='ltr'>Rege</span> <span class='ocrx_word' id='word_1_204' title='bbox 587 2046 611 2089; x_wconf 87' lang='lat' dir='ltr'>iu</span> <span class='ocrx_word' id='word_1_205' title='bbox 629 2046 705 2105; x_wconf 88' lang='lat' dir='ltr'>capite</span> <span class='ocrx_word' id='word_1_206' title='bbox 721 2061 765 2104; x_wconf 90' lang='lat' dir='ltr'>per</span> <span class='ocrx_word' id='word_1_207' title='bbox 780 2047 905 2092; x_wconf 86' lang='lat' dir='ltr'>servicium</span> <span class='ocrx_word' id='word_1_208' title='bbox 926 2047 997 2091; x_wconf 90' lang='lat' dir='ltr'>unius</span> <span class='ocrx_word' id='word_1_209' title='bbox 1009 2045 1098 2091; x_wconf 88' lang='lat' dir='ltr'>militis.</span> <span class='ocrx_word' id='word_1_210' title='bbox 1134 2044 1196 2090; x_wconf 88' lang='lat' dir='ltr'>ltem</span> <span class='ocrx_word' id='word_1_211' title='bbox 1209 2045 1371 2105; x_wconf 86' lang='lat' dir='ltr'>dicuntquud</span> <span class='ocrx_word' id='word_1_212' title='bbox 1382 2060 1434 2105; x_wconf 76' lang='lat' dir='ltr'>pre</span> 
     </span>
     <span class='ocr_line' id='line_1_19' title="bbox 234 2126 1436 2190; baseline -0.001 -17"><span class='ocrx_word' id='word_1_213' title='bbox 234 2128 313 2174; x_wconf 89' lang='lat' dir='ltr'>dictus</span> <span class='ocrx_word' id='word_1_214' title='bbox 325 2127 460 2172; x_wconf 84' lang='lat' dir='ltr'>Willelmua</span> <span class='ocrx_word' id='word_1_215' title='bbox 472 2126 573 2172; x_wconf 80' lang='lat' dir='ltr'>Barduli</span> <span class='ocrx_word' id='word_1_216' title='bbox 582 2128 649 2173; x_wconf 88' lang='lat' dir='ltr'>miles</span> <span class='ocrx_word' id='word_1_217' title='bbox 661 2129 739 2174; x_wconf 89' lang='lat' dir='ltr'>tenuit</span> <span class='ocrx_word' id='word_1_218' title='bbox 750 2129 789 2173; x_wconf 88' lang='lat' dir='ltr'>die</span> <span class='ocrx_word' id='word_1_219' title='bbox 798 2143 846 2190; x_wconf 92' lang='lat' dir='ltr'>quu</span> <span class='ocrx_word' id='word_1_220' title='bbox 854 2129 946 2174; x_wconf 89' lang='lat' dir='ltr'>obiitin</span> <span class='ocrx_word' id='word_1_221' title='bbox 959 2127 1077 2173; x_wconf 90' lang='lat' dir='ltr'>dominico</span> <span class='ocrx_word' id='word_1_222' title='bbox 1088 2139 1131 2171; x_wconf 89' lang='lat' dir='ltr'>suu</span> <span class='ocrx_word' id='word_1_223' title='bbox 1142 2132 1169 2171; x_wconf 93' lang='lat' dir='ltr'>ut</span> <span class='ocrx_word' id='word_1_224' title='bbox 1181 2126 1211 2170; x_wconf 90' lang='lat' dir='ltr'>de</span> <span class='ocrx_word' id='word_1_225' title='bbox 1222 2126 1291 2171; x_wconf 89' lang='lat' dir='ltr'>ieudu</span> <span class='ocrx_word' id='word_1_226' title='bbox 1303 2127 1436 2172; x_wconf 81' lang='lat' dir='ltr'>nraneriunr</span> 
     </span>
     <span class='ocr_line' id='line_1_20' title="bbox 234 2207 1435 2270; baseline 0 -17"><span class='ocrx_word' id='word_1_227' title='bbox 234 2208 265 2254; x_wconf 88' lang='lat' dir='ltr'>de</span> <span class='ocrx_word' id='word_1_228' title='bbox 277 2208 407 2266; x_wconf 81' lang='lat' dir='ltr'>Scruuteby</span> <span class='ocrx_word' id='word_1_229' title='bbox 420 2208 444 2252; x_wconf 92' lang='lat' dir='ltr'>in</span> <span class='ocrx_word' id='word_1_230' title='bbox 456 2208 569 2252; x_wconf 86' lang='lat' dir='ltr'>comitatu</span> <span class='ocrx_word' id='word_1_231' title='bbox 581 2209 696 2269; x_wconf 90' lang='lat' dir='ltr'>predicto.</span> <span class='ocrx_word' id='word_1_232' title='bbox 732 2207 854 2270; x_wconf 79' lang='lat' dir='ltr'>(Exteut)</span> <span class='ocrx_word' id='word_1_233' title='bbox 889 2210 920 2255; x_wconf 88' lang='lat' dir='ltr'>Et</span> <span class='ocrx_word' id='word_1_234' title='bbox 931 2210 1016 2255; x_wconf 87' lang='lat' dir='ltr'>dieunt</span> <span class='ocrx_word' id='word_1_235' title='bbox 1027 2208 1092 2267; x_wconf 90' lang='lat' dir='ltr'>quud</span> <span class='ocrx_word' id='word_1_236' title='bbox 1109 2208 1244 2266; x_wconf 80' lang='lat' dir='ltr'>predictum</span> <span class='ocrx_word' id='word_1_237' title='bbox 1261 2209 1393 2253; x_wconf 84' lang='lat' dir='ltr'>manerium</span> <span class='ocrx_word' id='word_1_238' title='bbox 1405 2208 1435 2253; x_wconf 89' lang='lat' dir='ltr'>da</span> 
     </span>
     <span class='ocr_line' id='line_1_21' title="bbox 234 2288 1435 2350; baseline -0.002 -14"><span class='ocrx_word' id='word_1_239' title='bbox 234 2290 364 2349; x_wconf 79' lang='lat' dir='ltr'>Scrouteby</span> <span class='ocrx_word' id='word_1_240' title='bbox 375 2295 471 2335; x_wconf 88' lang='lat' dir='ltr'>tenetur</span> <span class='ocrx_word' id='word_1_241' title='bbox 482 2289 512 2332; x_wconf 88' lang='lat' dir='ltr'>de</span> <span class='ocrx_word' id='word_1_242' title='bbox 524 2288 614 2332; x_wconf 85' lang='lat' dir='ltr'>Thema</span> <span class='ocrx_word' id='word_1_243' title='bbox 632 2288 800 2349; x_wconf 82' lang='lat' dir='ltr'>Huntyngield</span> <span class='ocrx_word' id='word_1_244' title='bbox 818 2306 860 2350; x_wconf 89' lang='lat' dir='ltr'>per</span> <span class='ocrx_word' id='word_1_245' title='bbox 876 2291 1000 2336; x_wconf 88' lang='lat' dir='ltr'>servicium</span> <span class='ocrx_word' id='word_1_246' title='bbox 1017 2290 1089 2334; x_wconf 84' lang='lat' dir='ltr'>unius</span> <span class='ocrx_word' id='word_1_247' title='bbox 1105 2289 1168 2334; x_wconf 85' lang='lat' dir='ltr'>ieudi</span> <span class='ocrx_word' id='word_1_248' title='bbox 1185 2289 1273 2335; x_wconf 86' lang='lat' dir='ltr'>militis.</span> <span class='ocrx_word' id='word_1_249' title='bbox 1307 2289 1339 2335; x_wconf 88' lang='lat' dir='ltr'>Et</span> <span class='ocrx_word' id='word_1_250' title='bbox 1350 2290 1435 2335; x_wconf 87' lang='lat' dir='ltr'>dicunt</span> 
     </span>
     <span class='ocr_line' id='line_1_22' title="bbox 232 2367 1433 2432; baseline 0 -16"><span class='ocrx_word' id='word_1_251' title='bbox 232 2372 298 2432; x_wconf 88' lang='lat' dir='ltr'>quud</span> <span class='ocrx_word' id='word_1_252' title='bbox 317 2370 439 2430; x_wconf 90' lang='lat' dir='ltr'>predictus</span> <span class='ocrx_word' id='word_1_253' title='bbox 457 2367 593 2413; x_wconf 87' lang='lat' dir='ltr'>Willelmus</span> <span class='ocrx_word' id='word_1_254' title='bbox 614 2369 714 2416; x_wconf 79' lang='lat' dir='ltr'>Barduli</span> <span class='ocrx_word' id='word_1_255' title='bbox 731 2374 790 2418; x_wconf 89' lang='lat' dir='ltr'>obiit</span> <span class='ocrx_word' id='word_1_256' title='bbox 808 2373 846 2417; x_wconf 92' lang='lat' dir='ltr'>die</span> <span class='ocrx_word' id='word_1_257' title='bbox 866 2373 991 2417; x_wconf 79' lang='lat' dir='ltr'>[lominica</span> <span class='ocrx_word' id='word_1_258' title='bbox 1010 2371 1034 2414; x_wconf 91' lang='lat' dir='ltr'>in</span> <span class='ocrx_word' id='word_1_259' title='bbox 1054 2370 1112 2415; x_wconf 89' lang='lat' dir='ltr'>iestu</span> <span class='ocrx_word' id='word_1_260' title='bbox 1129 2369 1211 2415; x_wconf 85' lang='lat' dir='ltr'>Sancti</span> <span class='ocrx_word' id='word_1_261' title='bbox 1229 2370 1313 2416; x_wconf 80' lang='lat' dir='ltr'>Jacolri</span> <span class='ocrx_word' id='word_1_262' title='bbox 1326 2371 1433 2429; x_wconf 76' lang='lat' dir='ltr'>Apostoli</span> 
     </span>
     <span class='ocr_line' id='line_1_23' title="bbox 233 2450 1434 2512; baseline 0.002 -15"><span class='ocrx_word' id='word_1_263' title='bbox 233 2452 317 2497; x_wconf 88' lang='lat' dir='ltr'>ultime</span> <span class='ocrx_word' id='word_1_264' title='bbox 328 2451 447 2510; x_wconf 89' lang='lat' dir='ltr'>preterito,</span> <span class='ocrx_word' id='word_1_265' title='bbox 456 2459 480 2495; x_wconf 90' lang='lat' dir='ltr'>et</span> <span class='ocrx_word' id='word_1_266' title='bbox 492 2450 556 2508; x_wconf 90' lang='lat' dir='ltr'>quud</span> <span class='ocrx_word' id='word_1_267' title='bbox 568 2451 688 2509; x_wconf 83' lang='lat' dir='ltr'>predictus</span> <span class='ocrx_word' id='word_1_268' title='bbox 697 2453 937 2499; x_wconf 77' lang='lat' dir='ltr'>ll&#39;illclmusilliflord</span> <span class='ocrx_word' id='word_1_269' title='bbox 949 2454 1008 2498; x_wconf 92' lang='lat' dir='ltr'>ubiit</span> <span class='ocrx_word' id='word_1_270' title='bbox 1019 2454 1070 2497; x_wconf 88' lang='lat' dir='ltr'>sinu</span> <span class='ocrx_word' id='word_1_271' title='bbox 1082 2452 1168 2497; x_wconf 84' lang='lat' dir='ltr'>herode</span> <span class='ocrx_word' id='word_1_272' title='bbox 1180 2452 1317 2511; x_wconf 85' lang='lat' dir='ltr'>decerpere</span> <span class='ocrx_word' id='word_1_273' title='bbox 1327 2454 1434 2512; x_wconf 87' lang='lat' dir='ltr'>predicte</span> 
     </span>
     <span class='ocr_line' id='line_1_24' title="bbox 233 2533 1433 2593; baseline 0.003 -14"><span class='ocrx_word' id='word_1_274' title='bbox 233 2535 304 2580; x_wconf 80' lang='lat' dir='ltr'>Anne</span> <span class='ocrx_word' id='word_1_275' title='bbox 316 2539 418 2578; x_wconf 81' lang='lat' dir='ltr'>exeunte</span> <span class='ocrx_word' id='word_1_276' title='bbox 430 2533 472 2577; x_wconf 91' lang='lat' dir='ltr'>diu</span> <span class='ocrx_word' id='word_1_277' title='bbox 483 2539 539 2578; x_wconf 84' lang='lat' dir='ltr'>ante</span> <span class='ocrx_word' id='word_1_278' title='bbox 550 2540 649 2578; x_wconf 89' lang='lat' dir='ltr'>mortem</span> <span class='ocrx_word' id='word_1_279' title='bbox 661 2535 761 2593; x_wconf 85' lang='lat' dir='ltr'>predicti</span> <span class='ocrx_word' id='word_1_280' title='bbox 774 2533 889 2579; x_wconf 88' lang='lat' dir='ltr'>Willelmi</span> <span class='ocrx_word' id='word_1_281' title='bbox 908 2533 1013 2579; x_wconf 90' lang='lat' dir='ltr'>Barduli.</span> <span class='ocrx_word' id='word_1_282' title='bbox 1050 2534 1081 2578; x_wconf 86' lang='lat' dir='ltr'>Et</span> <span class='ocrx_word' id='word_1_283' title='bbox 1092 2534 1157 2592; x_wconf 91' lang='lat' dir='ltr'>quud</span> <span class='ocrx_word' id='word_1_284' title='bbox 1169 2534 1276 2592; x_wconf 89' lang='lat' dir='ltr'>predicta</span> <span class='ocrx_word' id='word_1_285' title='bbox 1287 2536 1392 2581; x_wconf 84' lang='lat' dir='ltr'>maneria</span> <span class='ocrx_word' id='word_1_286' title='bbox 1403 2536 1433 2582; x_wconf 84' lang='lat' dir='ltr'>da</span> 
     </span>
     <span class='ocr_line' id='line_1_25' title="bbox 231 2614 1433 2676; baseline 0.002 -16"><span class='ocrx_word' id='word_1_287' title='bbox 231 2615 385 2674; x_wconf 82' lang='lat' dir='ltr'>Qwinhergh,</span> <span class='ocrx_word' id='word_1_288' title='bbox 393 2614 498 2670; x_wconf 86' lang='lat' dir='ltr'>Cantele‚</span> <span class='ocrx_word' id='word_1_289' title='bbox 508 2620 532 2659; x_wconf 89' lang='lat' dir='ltr'>et</span> <span class='ocrx_word' id='word_1_290' title='bbox 543 2614 716 2676; x_wconf 82' lang='lat' dir='ltr'>Strumpshagh</span> <span class='ocrx_word' id='word_1_291' title='bbox 728 2631 784 2661; x_wconf 91' lang='lat' dir='ltr'>eum</span> <span class='ocrx_word' id='word_1_292' title='bbox 795 2616 943 2675; x_wconf 80' lang='lat' dir='ltr'>pertinentiis</span> <span class='ocrx_word' id='word_1_293' title='bbox 955 2615 1060 2674; x_wconf 89' lang='lat' dir='ltr'>predicte</span> <span class='ocrx_word' id='word_1_294' title='bbox 1067 2616 1138 2660; x_wconf 82' lang='lat' dir='ltr'>Anne</span> <span class='ocrx_word' id='word_1_295' title='bbox 1149 2630 1176 2660; x_wconf 86' lang='lat' dir='ltr'>ac</span> <span class='ocrx_word' id='word_1_296' title='bbox 1188 2616 1300 2675; x_wconf 88' lang='lat' dir='ltr'>predictis</span> <span class='ocrx_word' id='word_1_297' title='bbox 1312 2616 1433 2664; x_wconf 81' lang='lat' dir='ltr'>Willelmu</span> 
     </span>
     <span class='ocr_line' id='line_1_26' title="bbox 233 2695 1432 2759; baseline 0.003 -18"><span class='ocrx_word' id='word_1_298' title='bbox 233 2695 333 2755; x_wconf 84' lang='lat' dir='ltr'>Phelipp</span> <span class='ocrx_word' id='word_1_299' title='bbox 349 2704 373 2741; x_wconf 87' lang='lat' dir='ltr'>ct</span> <span class='ocrx_word' id='word_1_300' title='bbox 390 2695 502 2742; x_wconf 78' lang='lat' dir='ltr'>Julianue</span> <span class='ocrx_word' id='word_1_301' title='bbox 520 2703 631 2755; x_wconf 84' lang='lat' dir='ltr'>pretextu</span> <span class='ocrx_word' id='word_1_302' title='bbox 649 2699 814 2757; x_wconf 71' lang='lat' dir='ltr'>premissorum</span> <span class='ocrx_word' id='word_1_303' title='bbox 831 2699 881 2758; x_wconf 90' lang='lat' dir='ltr'>jam</span> <span class='ocrx_word' id='word_1_304' title='bbox 894 2711 1015 2742; x_wconf 88' lang='lat' dir='ltr'>remanere</span> <span class='ocrx_word' id='word_1_305' title='bbox 1033 2697 1149 2743; x_wconf 85' lang='lat' dir='ltr'>dehent.”</span> <span class='ocrx_word' id='word_1_306' title='bbox 1183 2695 1255 2742; x_wconf 87' lang='lat' dir='ltr'>Heirs</span> <span class='ocrx_word' id='word_1_307' title='bbox 1270 2699 1318 2743; x_wconf 89' lang='lat' dir='ltr'>and</span> <span class='ocrx_word' id='word_1_308' title='bbox 1335 2714 1391 2759; x_wconf 81' lang='lat' dir='ltr'>ages</span> <span class='ocrx_word' id='word_1_309' title='bbox 1406 2714 1432 2745; x_wconf 86' lang='lat' dir='ltr'>as</span> 
     </span>
     <span class='ocr_line' id='line_1_27' title="bbox 230 2778 1431 2840; baseline 0.003 -17"><span class='ocrx_word' id='word_1_310' title='bbox 230 2779 311 2824; x_wconf 73' lang='lat' dir='ltr'>above.</span> <span class='ocrx_word' id='word_1_311' title='bbox 345 2778 454 2823; x_wconf 83' lang='lat' dir='ltr'>Another</span> <span class='ocrx_word' id='word_1_312' title='bbox 466 2779 604 2840; x_wconf 85' lang='lat' dir='ltr'>inquisition</span> <span class='ocrx_word' id='word_1_313' title='bbox 622 2795 669 2824; x_wconf 83' lang='lat' dir='ltr'>nne</span> <span class='ocrx_word' id='word_1_314' title='bbox 686 2780 758 2826; x_wconf 85' lang='lat' dir='ltr'>taken</span> <span class='ocrx_word' id='word_1_315' title='bbox 775 2786 800 2826; x_wconf 85' lang='lat' dir='ltr'>at</span> <span class='ocrx_word' id='word_1_316' title='bbox 817 2780 898 2825; x_wconf 83' lang='lat' dir='ltr'>Lowes</span> <span class='ocrx_word' id='word_1_317' title='bbox 915 2794 945 2823; x_wconf 90' lang='lat' dir='ltr'>un</span> <span class='ocrx_word' id='word_1_318' title='bbox 963 2779 1081 2838; x_wconf 79' lang='lat' dir='ltr'>Saturdny</span> <span class='ocrx_word' id='word_1_319' title='bbox 1093 2786 1151 2824; x_wconf 84' lang='lat' dir='ltr'>next</span> <span class='ocrx_word' id='word_1_320' title='bbox 1162 2779 1223 2824; x_wconf 86' lang='lat' dir='ltr'>niter</span> <span class='ocrx_word' id='word_1_321' title='bbox 1234 2780 1274 2826; x_wconf 85' lang='lat' dir='ltr'>the</span> <span class='ocrx_word' id='word_1_322' title='bbox 1286 2781 1344 2827; x_wconf 89' lang='lat' dir='ltr'>iuast</span> <span class='ocrx_word' id='word_1_323' title='bbox 1355 2782 1381 2826; x_wconf 90' lang='lat' dir='ltr'>oi</span> <span class='ocrx_word' id='word_1_324' title='bbox 1390 2781 1431 2827; x_wconf 90' lang='lat' dir='ltr'>the</span> 
     </span>
     <span class='ocr_line' id='line_1_28' title="bbox 232 2857 1431 2922; baseline 0.003 -17"><span class='ocrx_word' id='word_1_325' title='bbox 232 2859 367 2905; x_wconf 83' lang='lat' dir='ltr'>Bxaltation</span> <span class='ocrx_word' id='word_1_326' title='bbox 379 2858 405 2902; x_wconf 96' lang='lat' dir='ltr'>ui</span> <span class='ocrx_word' id='word_1_327' title='bbox 414 2858 454 2903; x_wconf 92' lang='lat' dir='ltr'>the</span> <span class='ocrx_word' id='word_1_328' title='bbox 468 2857 530 2918; x_wconf 78' lang='lat' dir='ltr'>Holy</span> <span class='ocrx_word' id='word_1_329' title='bbox 542 2860 619 2916; x_wconf 86' lang='lat' dir='ltr'>Crosa,</span> <span class='ocrx_word' id='word_1_330' title='bbox 631 2859 689 2905; x_wconf 70' lang='lat'>18111</span> <span class='ocrx_word' id='word_1_331' title='bbox 701 2861 766 2921; x_wconf 85' lang='lat' dir='ltr'>Sept.</span> <span class='ocrx_word' id='word_1_332' title='bbox 779 2861 794 2906; x_wconf 86' lang='lat'><strong>2</strong></span> <span class='ocrx_word' id='word_1_333' title='bbox 807 2859 871 2907; x_wconf 86' lang='lat' dir='ltr'>Heu.</span> <span class='ocrx_word' id='word_1_334' title='bbox 885 2860 928 2906; x_wconf 80' lang='lat' dir='ltr'>t&#39;l.</span> <span class='ocrx_word' id='word_1_335' title='bbox 940 2861 1019 2906; x_wconf 86' lang='lat' dir='ltr'>beiore</span> <span class='ocrx_word' id='word_1_336' title='bbox 1032 2860 1136 2906; x_wconf 84' lang='lat' dir='ltr'>Bichsrd</span> <span class='ocrx_word' id='word_1_337' title='bbox 1148 2859 1290 2919; x_wconf 81' lang='lat' dir='ltr'>Wymeldun</span> <span class='ocrx_word' id='word_1_338' title='bbox 1302 2863 1431 2922; x_wconf 79' lang='lat' dir='ltr'>eschentur,</span> 
     </span>
     <span class='ocr_line' id='line_1_29' title="bbox 233 2938 1433 3002; baseline 0.003 -17"><span class='ocrx_word' id='word_1_339' title='bbox 233 2939 310 2985; x_wconf 77' lang='lat' dir='ltr'>which</span> <span class='ocrx_word' id='word_1_340' title='bbox 328 2938 445 2983; x_wconf 88' lang='lat' dir='ltr'>describes</span> <span class='ocrx_word' id='word_1_341' title='bbox 462 2938 502 2985; x_wconf 90' lang='lat' dir='ltr'>the</span> <span class='ocrx_word' id='word_1_342' title='bbox 519 2944 604 2984; x_wconf 81' lang='lat' dir='ltr'>tenure</span> <span class='ocrx_word' id='word_1_343' title='bbox 621 2941 647 2984; x_wconf 96' lang='lat' dir='ltr'>ui</span> <span class='ocrx_word' id='word_1_344' title='bbox 664 2941 704 2986; x_wconf 91' lang='lat' dir='ltr'>the</span> <span class='ocrx_word' id='word_1_345' title='bbox 722 2942 834 2987; x_wconf 88' lang='lat' dir='ltr'>deceased</span> <span class='ocrx_word' id='word_1_346' title='bbox 848 2941 872 2986; x_wconf 94' lang='lat' dir='ltr'>in</span> <span class='ocrx_word' id='word_1_347' title='bbox 884 2941 924 2987; x_wconf 80' lang='lat' dir='ltr'>tlte</span> <span class='ocrx_word' id='word_1_348' title='bbox 935 2956 999 2987; x_wconf 76' lang='lat' dir='ltr'>saum</span> <span class='ocrx_word' id='word_1_349' title='bbox 1011 2942 1088 2987; x_wconf 86' lang='lat' dir='ltr'>words</span> <span class='ocrx_word' id='word_1_350' title='bbox 1099 2956 1124 2986; x_wconf 84' lang='lat' dir='ltr'>as</span> <span class='ocrx_word' id='word_1_351' title='bbox 1135 2942 1176 2988; x_wconf 90' lang='lat' dir='ltr'>the</span> <span class='ocrx_word' id='word_1_352' title='bbox 1188 2943 1262 2987; x_wconf 84' lang='lat' dir='ltr'>above</span> <span class='ocrx_word' id='word_1_353' title='bbox 1274 2944 1298 2986; x_wconf 94' lang='lat' dir='ltr'>in</span> <span class='ocrx_word' id='word_1_354' title='bbox 1310 2945 1394 3002; x_wconf 80' lang='lat' dir='ltr'>regerd</span> <span class='ocrx_word' id='word_1_355' title='bbox 1406 2944 1433 2989; x_wconf 89' lang='lat' dir='ltr'>oi</span> 
     </span>
     <span class='ocr_line' id='line_1_30' title="bbox 231 3020 1434 3080; baseline 0.003 -12"><span class='ocrx_word' id='word_1_356' title='bbox 231 3023 271 3068; x_wconf 89' lang='lat' dir='ltr'>the</span> <span class='ocrx_word' id='word_1_357' title='bbox 283 3035 366 3067; x_wconf 87' lang='lat' dir='ltr'>mauur</span> <span class='ocrx_word' id='word_1_358' title='bbox 376 3021 403 3065; x_wconf 88' lang='lat' dir='ltr'>ui</span> <span class='ocrx_word' id='word_1_359' title='bbox 413 3020 550 3080; x_wconf 83' lang='lat' dir='ltr'>Plumpton‚</span> <span class='ocrx_word' id='word_1_360' title='bbox 563 3023 620 3068; x_wconf 84' lang='lat' dir='ltr'>with</span> <span class='ocrx_word' id='word_1_361' title='bbox 632 3023 673 3068; x_wconf 90' lang='lat' dir='ltr'>the</span> <span class='ocrx_word' id='word_1_362' title='bbox 684 3024 789 3070; x_wconf 86' lang='lat' dir='ltr'>liherties</span> <span class='ocrx_word' id='word_1_363' title='bbox 799 3024 846 3069; x_wconf 91' lang='lat' dir='ltr'>and</span> <span class='ocrx_word' id='word_1_364' title='bbox 859 3025 984 3070; x_wconf 81' lang='lat' dir='ltr'>advowsun</span> <span class='ocrx_word' id='word_1_365' title='bbox 1001 3025 1028 3070; x_wconf 88' lang='lat' dir='ltr'>ui</span> <span class='ocrx_word' id='word_1_366' title='bbox 1042 3024 1082 3070; x_wconf 86' lang='lat' dir='ltr'>the</span> <span class='ocrx_word' id='word_1_367' title='bbox 1093 3023 1191 3080; x_wconf 89' lang='lat' dir='ltr'>chureh,</span> <span class='ocrx_word' id='word_1_368' title='bbox 1202 3025 1249 3069; x_wconf 80' lang='lat' dir='ltr'>and</span> <span class='ocrx_word' id='word_1_369' title='bbox 1262 3025 1302 3070; x_wconf 87' lang='lat' dir='ltr'>the</span> <span class='ocrx_word' id='word_1_370' title='bbox 1313 3040 1397 3071; x_wconf 75' lang='lat' dir='ltr'>ntanur</span> <span class='ocrx_word' id='word_1_371' title='bbox 1407 3026 1434 3072; x_wconf 83' lang='lat' dir='ltr'>oi</span> 
     </span>
     <span class='ocr_line' id='line_1_31' title="bbox 232 3103 1431 3163; baseline 0.003 -11"><span class='ocrx_word' id='word_1_372' title='bbox 232 3104 364 3163; x_wconf 78' lang='lat' dir='ltr'>Berkompe</span> <span class='ocrx_word' id='word_1_373' title='bbox 380 3103 438 3148; x_wconf 85' lang='lat' dir='ltr'>alias</span> <span class='ocrx_word' id='word_1_374' title='bbox 451 3104 594 3162; x_wconf 87' lang='lat' dir='ltr'>Barkhume‚</span> <span class='ocrx_word' id='word_1_375' title='bbox 613 3106 669 3150; x_wconf 84' lang='lat' dir='ltr'>with</span> <span class='ocrx_word' id='word_1_376' title='bbox 689 3107 729 3151; x_wconf 90' lang='lat' dir='ltr'>the</span> <span class='ocrx_word' id='word_1_377' title='bbox 747 3107 850 3152; x_wconf 88' lang='lat' dir='ltr'>liberties</span> <span class='ocrx_word' id='word_1_378' title='bbox 868 3107 916 3151; x_wconf 89' lang='lat' dir='ltr'>and</span> <span class='ocrx_word' id='word_1_379' title='bbox 935 3107 1060 3152; x_wconf 79' lang='lat' dir='ltr'>advuwson</span> <span class='ocrx_word' id='word_1_380' title='bbox 1079 3106 1105 3151; x_wconf 91' lang='lat' dir='ltr'>oi</span> <span class='ocrx_word' id='word_1_381' title='bbox 1120 3106 1161 3152; x_wconf 87' lang='lat' dir='ltr'>the</span> <span class='ocrx_word' id='word_1_382' title='bbox 1176 3105 1275 3162; x_wconf 83' lang='lat' dir='ltr'>chureh,</span> <span class='ocrx_word' id='word_1_383' title='bbox 1288 3107 1343 3153; x_wconf 90' lang='lat' dir='ltr'>held</span> <span class='ocrx_word' id='word_1_384' title='bbox 1355 3109 1381 3154; x_wconf 96' lang='lat' dir='ltr'>ui</span> <span class='ocrx_word' id='word_1_385' title='bbox 1390 3109 1431 3155; x_wconf 89' lang='lat' dir='ltr'>the</span> 
     </span>
     <span class='ocr_line' id='line_1_32' title="bbox 229 3186 1432 3248; baseline 0.003 -16"><span class='ocrx_word' id='word_1_386' title='bbox 229 3186 301 3232; x_wconf 79' lang='lat' dir='ltr'>casile</span> <span class='ocrx_word' id='word_1_387' title='bbox 312 3186 339 3231; x_wconf 93' lang='lat' dir='ltr'>ui</span> <span class='ocrx_word' id='word_1_388' title='bbox 349 3186 437 3239; x_wconf 70' lang='lat' dir='ltr'>Leues,</span> <span class='ocrx_word' id='word_1_389' title='bbox 450 3187 473 3233; x_wconf 89' lang='lat' dir='ltr'>in</span> <span class='ocrx_word' id='word_1_390' title='bbox 487 3186 526 3231; x_wconf 89' lang='lat' dir='ltr'>the</span> <span class='ocrx_word' id='word_1_391' title='bbox 538 3193 624 3246; x_wconf 78' lang='lat' dir='ltr'>county</span> <span class='ocrx_word' id='word_1_392' title='bbox 637 3188 663 3232; x_wconf 92' lang='lat' dir='ltr'>ui</span> <span class='ocrx_word' id='word_1_393' title='bbox 678 3188 774 3234; x_wconf 78' lang='lat' dir='ltr'>Sussex.</span> <span class='ocrx_word' id='word_1_394' title='bbox 811 3189 907 3234; x_wconf 82' lang='lat' dir='ltr'>Debaeh</span> <span class='ocrx_word' id='word_1_395' title='bbox 926 3190 945 3234; x_wconf 82' lang='lat' dir='ltr'>is</span> <span class='ocrx_word' id='word_1_396' title='bbox 961 3204 976 3234; x_wconf 88' lang='lat' dir='ltr'>a</span> <span class='ocrx_word' id='word_1_397' title='bbox 991 3189 1059 3233; x_wconf 86' lang='lat' dir='ltr'>small</span> <span class='ocrx_word' id='word_1_398' title='bbox 1076 3188 1155 3248; x_wconf 82' lang='lat' dir='ltr'>purish</span> <span class='ocrx_word' id='word_1_399' title='bbox 1172 3189 1197 3232; x_wconf 93' lang='lat' dir='ltr'>in</span> <span class='ocrx_word' id='word_1_400' title='bbox 1215 3189 1255 3234; x_wconf 91' lang='lat' dir='ltr'>the</span> <span class='ocrx_word' id='word_1_401' title='bbox 1272 3189 1384 3235; x_wconf 91' lang='lat' dir='ltr'>hundred</span> <span class='ocrx_word' id='word_1_402' title='bbox 1405 3190 1432 3236; x_wconf 87' lang='lat' dir='ltr'>ni</span> 
     </span>
     <span class='ocr_line' id='line_1_33' title="bbox 229 3266 1429 3331; baseline 0.003 -18"><span class='ocrx_word' id='word_1_403' title='bbox 229 3266 341 3323; x_wconf 75' lang='lat' dir='ltr'>wihard,</span> <span class='ocrx_word' id='word_1_404' title='bbox 353 3268 454 3324; x_wconf 82' lang='lat' dir='ltr'>Sutiulk,</span> <span class='ocrx_word' id='word_1_405' title='bbox 466 3269 522 3313; x_wconf 84' lang='lat' dir='ltr'>with</span> <span class='ocrx_word' id='word_1_406' title='bbox 535 3270 564 3314; x_wconf 77' lang='lat' dir='ltr'>its</span> <span class='ocrx_word' id='word_1_407' title='bbox 576 3269 665 3315; x_wconf 90' lang='lat' dir='ltr'>chureh</span> <span class='ocrx_word' id='word_1_408' title='bbox 678 3271 802 3316; x_wconf 88' lang='lat' dir='ltr'>dedicated</span> <span class='ocrx_word' id='word_1_409' title='bbox 815 3277 839 3316; x_wconf 89' lang='lat' dir='ltr'>tu</span> <span class='ocrx_word' id='word_1_410' title='bbox 852 3271 892 3316; x_wconf 78' lang='lat' dir='ltr'>All</span> <span class='ocrx_word' id='word_1_411' title='bbox 909 3271 998 3327; x_wconf 73' lang='lat' dir='ltr'>saints,</span> <span class='ocrx_word' id='word_1_412' title='bbox 1010 3272 1121 3331; x_wconf 85' lang='lat' dir='ltr'>adjacent</span> <span class='ocrx_word' id='word_1_413' title='bbox 1133 3278 1157 3315; x_wconf 92' lang='lat' dir='ltr'>tu</span> <span class='ocrx_word' id='word_1_414' title='bbox 1170 3270 1269 3330; x_wconf 83' lang='lat' dir='ltr'>Boulge,</span> <span class='ocrx_word' id='word_1_415' title='bbox 1282 3272 1339 3317; x_wconf 85' lang='lat' dir='ltr'>with</span> <span class='ocrx_word' id='word_1_416' title='bbox 1351 3272 1429 3317; x_wconf 83' lang='lat' dir='ltr'>which</span> 
     </span>
     <span class='ocr_line' id='line_1_34' title="bbox 229 3347 1429 3410; baseline 0.001 -15"><span class='ocrx_word' id='word_1_417' title='bbox 229 3349 278 3395; x_wconf 88' lang='lat' dir='ltr'>itis</span> <span class='ocrx_word' id='word_1_418' title='bbox 296 3364 349 3393; x_wconf 85' lang='lat' dir='ltr'>now</span> <span class='ocrx_word' id='word_1_419' title='bbox 363 3349 454 3403; x_wconf 87' lang='lat' dir='ltr'>united,</span> <span class='ocrx_word' id='word_1_420' title='bbox 465 3347 513 3392; x_wconf 88' lang='lat' dir='ltr'>and</span> <span class='ocrx_word' id='word_1_421' title='bbox 531 3349 616 3394; x_wconf 82' lang='lat' dir='ltr'>situata</span> <span class='ocrx_word' id='word_1_422' title='bbox 634 3350 658 3393; x_wconf 89' lang='lat' dir='ltr'>in</span> <span class='ocrx_word' id='word_1_423' title='bbox 676 3350 716 3395; x_wconf 91' lang='lat' dir='ltr'>the</span> <span class='ocrx_word' id='word_1_424' title='bbox 733 3351 835 3409; x_wconf 72' lang='lat' dir='ltr'>dcmnery</span> <span class='ocrx_word' id='word_1_425' title='bbox 846 3352 873 3395; x_wconf 90' lang='lat' dir='ltr'>oi</span> <span class='ocrx_word' id='word_1_426' title='bbox 891 3351 1001 3398; x_wconf 83' lang='lat' dir='ltr'>ll&#39;iliurd.</span> <span class='ocrx_word' id='word_1_427' title='bbox 1034 3351 1217 3410; x_wconf 78' lang='lat' dir='ltr'>Whinburuugh</span> <span class='ocrx_word' id='word_1_428' title='bbox 1229 3351 1429 3410; x_wconf 78' lang='lat' dir='ltr'>urWhinburgh,</span> 
     </span>
     <span class='ocr_line' id='line_1_35' title="bbox 228 3426 1429 3489; baseline 0.003 -16"><span class='ocrx_word' id='word_1_429' title='bbox 228 3429 285 3475; x_wconf 81' lang='lat' dir='ltr'>with</span> <span class='ocrx_word' id='word_1_430' title='bbox 304 3429 333 3474; x_wconf 82' lang='lat' dir='ltr'>its</span> <span class='ocrx_word' id='word_1_431' title='bbox 350 3429 440 3473; x_wconf 89' lang='lat' dir='ltr'>chureh</span> <span class='ocrx_word' id='word_1_432' title='bbox 457 3429 582 3473; x_wconf 87' lang='lat' dir='ltr'>dedicated</span> <span class='ocrx_word' id='word_1_433' title='bbox 600 3435 625 3474; x_wconf 88' lang='lat' dir='ltr'>tu</span> <span class='ocrx_word' id='word_1_434' title='bbox 648 3426 686 3476; x_wconf 88' lang='lat' dir='ltr'>St.</span> <span class='ocrx_word' id='word_1_435' title='bbox 699 3431 773 3489; x_wconf 65' lang='grc' dir='ltr'>Μαι-γ,</span> <span class='ocrx_word' id='word_1_436' title='bbox 790 3431 838 3474; x_wconf 87' lang='lat' dir='ltr'>and</span> <span class='ocrx_word' id='word_1_437' title='bbox 856 3432 995 3488; x_wconf 69' lang='lat' dir='ltr'>Gnrvestum</span> <span class='ocrx_word' id='word_1_438' title='bbox 1008 3430 1064 3476; x_wconf 76' lang='lat' dir='ltr'>nith</span> <span class='ocrx_word' id='word_1_439' title='bbox 1077 3431 1106 3475; x_wconf 83' lang='lat' dir='ltr'>its</span> <span class='ocrx_word' id='word_1_440' title='bbox 1118 3429 1208 3474; x_wconf 87' lang='lat' dir='ltr'>chureh</span> <span class='ocrx_word' id='word_1_441' title='bbox 1221 3430 1344 3475; x_wconf 75' lang='lat' dir='ltr'>dedicated</span> <span class='ocrx_word' id='word_1_442' title='bbox 1357 3438 1381 3476; x_wconf 92' lang='lat' dir='ltr'>tu</span> <span class='ocrx_word' id='word_1_443' title='bbox 1393 3431 1429 3477; x_wconf 81' lang='lat' dir='ltr'>st.</span> 
     </span>
     <span class='ocr_line' id='line_1_36' title="bbox 229 3509 1428 3570; baseline 0.001 -15"><span class='ocrx_word' id='word_1_444' title='bbox 229 3509 404 3568; x_wconf 61' lang='lat' dir='ltr'>margaretam</span> <span class='ocrx_word' id='word_1_445' title='bbox 415 3510 501 3553; x_wconf 86' lang='lat' dir='ltr'>situate</span> <span class='ocrx_word' id='word_1_446' title='bbox 517 3511 542 3553; x_wconf 87' lang='lat' dir='ltr'>in</span> <span class='ocrx_word' id='word_1_447' title='bbox 562 3511 602 3554; x_wconf 91' lang='lat' dir='ltr'>the</span> <span class='ocrx_word' id='word_1_448' title='bbox 622 3511 733 3557; x_wconf 83' lang='lat' dir='ltr'>hundred</span> <span class='ocrx_word' id='word_1_449' title='bbox 752 3513 777 3557; x_wconf 90' lang='lat' dir='ltr'>ui</span> <span class='ocrx_word' id='word_1_450' title='bbox 795 3513 901 3567; x_wconf 88' lang='lat' dir='ltr'>lllitiurd,</span> <span class='ocrx_word' id='word_1_451' title='bbox 914 3514 962 3557; x_wconf 79' lang='lat' dir='ltr'>und</span> <span class='ocrx_word' id='word_1_452' title='bbox 980 3513 1080 3570; x_wconf 74' lang='lat' dir='ltr'>deancry</span> <span class='ocrx_word' id='word_1_453' title='bbox 1097 3512 1123 3556; x_wconf 92' lang='lat' dir='ltr'>ui</span> <span class='ocrx_word' id='word_1_454' title='bbox 1138 3511 1270 3570; x_wconf 78' lang='lat' dir='ltr'>Hinghum.</span> <span class='ocrx_word' id='word_1_455' title='bbox 1306 3511 1428 3570; x_wconf 80' lang='lat' dir='ltr'>Harding·</span> 
     </span>
     <span class='ocr_line' id='line_1_37' title="bbox 229 3588 1429 3651; baseline 0.002 -16"><span class='ocrx_word' id='word_1_456' title='bbox 229 3591 285 3635; x_wconf 86' lang='lat' dir='ltr'>ham</span> <span class='ocrx_word' id='word_1_457' title='bbox 297 3590 316 3633; x_wconf 90' lang='lat' dir='ltr'>is</span> <span class='ocrx_word' id='word_1_458' title='bbox 327 3588 375 3632; x_wconf 87' lang='lat' dir='ltr'>also</span> <span class='ocrx_word' id='word_1_459' title='bbox 384 3588 502 3647; x_wconf 83' lang='lat' dir='ltr'>adjacent,</span> <span class='ocrx_word' id='word_1_460' title='bbox 514 3590 562 3634; x_wconf 86' lang='lat' dir='ltr'>and</span> <span class='ocrx_word' id='word_1_461' title='bbox 575 3591 615 3635; x_wconf 88' lang='lat' dir='ltr'>the</span> <span class='ocrx_word' id='word_1_462' title='bbox 626 3606 709 3636; x_wconf 84' lang='lat' dir='ltr'>msnur</span> <span class='ocrx_word' id='word_1_463' title='bbox 721 3594 746 3636; x_wconf 90' lang='lat' dir='ltr'>ui</span> <span class='ocrx_word' id='word_1_464' title='bbox 761 3593 896 3651; x_wconf 78' lang='lat' dir='ltr'>Swathings</span> <span class='ocrx_word' id='word_1_465' title='bbox 908 3594 931 3637; x_wconf 91' lang='lat' dir='ltr'>in</span> <span class='ocrx_word' id='word_1_466' title='bbox 952 3592 1117 3650; x_wconf 81' lang='lat' dir='ltr'>Hurdiugham</span> <span class='ocrx_word' id='word_1_467' title='bbox 1131 3607 1177 3636; x_wconf 83' lang='lat' dir='ltr'>was</span> <span class='ocrx_word' id='word_1_468' title='bbox 1187 3592 1243 3637; x_wconf 90' lang='lat' dir='ltr'>held</span> <span class='ocrx_word' id='word_1_469' title='bbox 1255 3594 1282 3638; x_wconf 89' lang='lat' dir='ltr'>oi</span> <span class='ocrx_word' id='word_1_470' title='bbox 1295 3593 1337 3638; x_wconf 89' lang='lat' dir='ltr'>the</span> <span class='ocrx_word' id='word_1_471' title='bbox 1353 3592 1429 3637; x_wconf 77' lang='lat' dir='ltr'>Lurds</span> 
     </span>
     <span class='ocr_line' id='line_1_38' title="bbox 229 3671 1426 3731; baseline 0.002 -14"><span class='ocrx_word' id='word_1_472' title='bbox 229 3672 329 3717; x_wconf 82' lang='lat' dir='ltr'>Barduli</span> <span class='ocrx_word' id='word_1_473' title='bbox 338 3672 368 3730; x_wconf 83' lang='lat' dir='ltr'>hy</span> <span class='ocrx_word' id='word_1_474' title='bbox 380 3671 420 3715; x_wconf 93' lang='lat' dir='ltr'>the</span> <span class='ocrx_word' id='word_1_475' title='bbox 431 3672 526 3716; x_wconf 89' lang='lat' dir='ltr'>ancient</span> <span class='ocrx_word' id='word_1_476' title='bbox 538 3672 617 3730; x_wconf 75' lang='lat' dir='ltr'>iamily</span> <span class='ocrx_word' id='word_1_477' title='bbox 629 3674 655 3716; x_wconf 92' lang='lat' dir='ltr'>ui</span> <span class='ocrx_word' id='word_1_478' title='bbox 664 3673 771 3731; x_wconf 85' lang='lat' dir='ltr'>Gurney.</span> <span class='ocrx_word' id='word_1_479' title='bbox 807 3673 915 3731; x_wconf 77' lang='lat' dir='ltr'>Cundey,</span> <span class='ocrx_word' id='word_1_480' title='bbox 930 3675 986 3718; x_wconf 86' lang='lat' dir='ltr'>with</span> <span class='ocrx_word' id='word_1_481' title='bbox 998 3675 1027 3718; x_wconf 70' lang='lat' dir='ltr'>ite</span> <span class='ocrx_word' id='word_1_482' title='bbox 1038 3674 1128 3718; x_wconf 90' lang='lat' dir='ltr'>chureh</span> <span class='ocrx_word' id='word_1_483' title='bbox 1141 3674 1265 3719; x_wconf 84' lang='lat' dir='ltr'>dedicated</span> <span class='ocrx_word' id='word_1_484' title='bbox 1278 3683 1302 3720; x_wconf 91' lang='lat' dir='ltr'>tu</span> <span class='ocrx_word' id='word_1_485' title='bbox 1314 3673 1349 3720; x_wconf 85' lang='lat' dir='ltr'>st.</span> <span class='ocrx_word' id='word_1_486' title='bbox 1364 3674 1426 3719; x_wconf 83' lang='lat' dir='ltr'>hlur·</span> 
     </span>
     <span class='ocr_line' id='line_1_39' title="bbox 229 3753 1430 3814; baseline 0.003 -14"><span class='ocrx_word' id='word_1_487' title='bbox 229 3762 303 3814; x_wconf 79' lang='lat' dir='ltr'>garet,</span> <span class='ocrx_word' id='word_1_488' title='bbox 317 3755 335 3797; x_wconf 77' lang='lat' dir='ltr'>is</span> <span class='ocrx_word' id='word_1_489' title='bbox 353 3754 439 3798; x_wconf 83' lang='lat' dir='ltr'>situnte</span> <span class='ocrx_word' id='word_1_490' title='bbox 460 3753 483 3798; x_wconf 89' lang='lat' dir='ltr'>in</span> <span class='ocrx_word' id='word_1_491' title='bbox 504 3754 544 3799; x_wconf 85' lang='lat' dir='ltr'>the</span> <span class='ocrx_word' id='word_1_492' title='bbox 556 3755 665 3799; x_wconf 90' lang='lat' dir='ltr'>hundred</span> <span class='ocrx_word' id='word_1_493' title='bbox 677 3756 725 3799; x_wconf 88' lang='lat' dir='ltr'>and</span> <span class='ocrx_word' id='word_1_494' title='bbox 741 3756 841 3813; x_wconf 80' lang='lat' dir='ltr'>deanery</span> <span class='ocrx_word' id='word_1_495' title='bbox 854 3756 880 3800; x_wconf 98' lang='lat' dir='ltr'>ui</span> <span class='ocrx_word' id='word_1_496' title='bbox 896 3756 1062 3812; x_wconf 87' lang='lat' dir='ltr'>Bluileld‚und</span> <span class='ocrx_word' id='word_1_497' title='bbox 1080 3757 1104 3800; x_wconf 91' lang='lat' dir='ltr'>in</span> <span class='ocrx_word' id='word_1_498' title='bbox 1123 3755 1186 3801; x_wconf 80' lang='lat' dir='ltr'>llud</span> <span class='ocrx_word' id='word_1_499' title='bbox 1202 3756 1267 3801; x_wconf 90' lang='lat' dir='ltr'>John</span> <span class='ocrx_word' id='word_1_500' title='bbox 1286 3756 1371 3802; x_wconf 84' lang='lat' dir='ltr'>Duwes</span> <span class='ocrx_word' id='word_1_501' title='bbox 1383 3771 1430 3804; x_wconf 60' lang='lat' dir='ltr'>nus</span> 
     </span>
     <span class='ocr_line' id='line_1_40' title="bbox 228 3835 1428 3900; baseline 0.003 -19"><span class='ocrx_word' id='word_1_502' title='bbox 228 3837 353 3895; x_wconf 83' lang='lat' dir='ltr'>presented</span> <span class='ocrx_word' id='word_1_503' title='bbox 365 3843 389 3880; x_wconf 86' lang='lat' dir='ltr'>te</span> <span class='ocrx_word' id='word_1_504' title='bbox 401 3836 448 3880; x_wconf 89' lang='lat' dir='ltr'>this</span> <span class='ocrx_word' id='word_1_505' title='bbox 459 3835 548 3881; x_wconf 89' lang='lat' dir='ltr'>chureh</span> <span class='ocrx_word' id='word_1_506' title='bbox 562 3838 591 3895; x_wconf 82' lang='lat' dir='ltr'>hy</span> <span class='ocrx_word' id='word_1_507' title='bbox 604 3836 643 3882; x_wconf 88' lang='lat' dir='ltr'>Sir</span> <span class='ocrx_word' id='word_1_508' title='bbox 654 3837 760 3883; x_wconf 83' lang='lat' dir='ltr'>William</span> <span class='ocrx_word' id='word_1_509' title='bbox 775 3838 879 3892; x_wconf 82' lang='lat' dir='ltr'>Barduli,</span> <span class='ocrx_word' id='word_1_510' title='bbox 893 3837 987 3897; x_wconf 76' lang='lat' dir='ltr'>kuiglrt,</span> <span class='ocrx_word' id='word_1_511' title='bbox 999 3838 1045 3882; x_wconf 87' lang='lat' dir='ltr'>and</span> <span class='ocrx_word' id='word_1_512' title='bbox 1059 3839 1083 3882; x_wconf 90' lang='lat' dir='ltr'>in</span> <span class='ocrx_word' id='word_1_513' title='bbox 1103 3837 1164 3884; x_wconf 76' lang='lat'>1437</span> <span class='ocrx_word' id='word_1_514' title='bbox 1178 3839 1279 3886; x_wconf 72' lang='lat' dir='ltr'>&#39;l&#39;humas</span> <span class='ocrx_word' id='word_1_515' title='bbox 1298 3840 1385 3885; x_wconf 85' lang='lat' dir='ltr'>hluriel</span> <span class='ocrx_word' id='word_1_516' title='bbox 1398 3842 1428 3900; x_wconf 79' lang='lat' dir='ltr'>hy</span> 
     </span>
     <span class='ocr_line' id='line_1_41' title="bbox 229 3915 1432 3977; baseline 0.007 -17"><span class='ocrx_word' id='word_1_517' title='bbox 229 3915 268 3961; x_wconf 87' lang='lat' dir='ltr'>Sir</span> <span class='ocrx_word' id='word_1_518' title='bbox 284 3915 391 3960; x_wconf 86' lang='lat' dir='ltr'>William</span> <span class='ocrx_word' id='word_1_519' title='bbox 405 3916 513 3975; x_wconf 82' lang='lat' dir='ltr'>l’lrelipp,</span> <span class='ocrx_word' id='word_1_520' title='bbox 532 3918 555 3962; x_wconf 91' lang='lat' dir='ltr'>in</span> <span class='ocrx_word' id='word_1_521' title='bbox 574 3918 637 3977; x_wconf 76' lang='lat' dir='ltr'>right</span> <span class='ocrx_word' id='word_1_522' title='bbox 657 3918 683 3963; x_wconf 91' lang='lat' dir='ltr'>ui</span> <span class='ocrx_word' id='word_1_523' title='bbox 699 3917 771 3973; x_wconf 81' lang='lat' dir='ltr'>duan,</span> <span class='ocrx_word' id='word_1_524' title='bbox 787 3917 823 3962; x_wconf 83' lang='lat' dir='ltr'>hie</span> <span class='ocrx_word' id='word_1_525' title='bbox 840 3918 901 3965; x_wconf 85' lang='lat' dir='ltr'>wiie.</span> <span class='ocrx_word' id='word_1_526' title='bbox 935 3917 1065 3965; x_wconf 86' lang='lat' dir='ltr'>Caisturur</span> <span class='ocrx_word' id='word_1_527' title='bbox 1077 3917 1168 3975; x_wconf 84' lang='lat' dir='ltr'>Castor,</span> <span class='ocrx_word' id='word_1_528' title='bbox 1180 3921 1204 3964; x_wconf 92' lang='lat' dir='ltr'>in</span> <span class='ocrx_word' id='word_1_529' title='bbox 1222 3920 1263 3966; x_wconf 92' lang='lat' dir='ltr'>the</span> <span class='ocrx_word' id='word_1_530' title='bbox 1282 3920 1392 3967; x_wconf 89' lang='lat' dir='ltr'>hundred</span> <span class='ocrx_word' id='word_1_531' title='bbox 1405 3923 1432 3968; x_wconf 89' lang='lat' dir='ltr'>ui</span> 
     </span>
     <span class='ocr_line' id='line_1_42' title="bbox 231 3995 1426 4060; baseline 0.008 -21"><span class='ocrx_word' id='word_1_532' title='bbox 231 3995 286 4040; x_wconf 81' lang='lat' dir='ltr'>Bast</span> <span class='ocrx_word' id='word_1_533' title='bbox 307 3995 390 4055; x_wconf 78' lang='lat' dir='ltr'>l‘legg,</span> <span class='ocrx_word' id='word_1_534' title='bbox 408 4011 455 4040; x_wconf 76' lang='lat' dir='ltr'>was</span> <span class='ocrx_word' id='word_1_535' title='bbox 473 3997 569 4043; x_wconf 80' lang='lat' dir='ltr'>divided</span> <span class='ocrx_word' id='word_1_536' title='bbox 589 3999 707 4058; x_wconf 79' lang='lat' dir='ltr'>anciently</span> <span class='ocrx_word' id='word_1_537' title='bbox 726 3999 776 4044; x_wconf 93' lang='lat' dir='ltr'>intu</span> <span class='ocrx_word' id='word_1_538' title='bbox 793 4006 841 4044; x_wconf 86' lang='lat' dir='ltr'>two</span> <span class='ocrx_word' id='word_1_539' title='bbox 860 4000 973 4058; x_wconf 83' lang='lat' dir='ltr'>parishes,</span> <span class='ocrx_word' id='word_1_540' title='bbox 984 3999 1018 4046; x_wconf 86' lang='lat' dir='ltr'>St.</span> <span class='ocrx_word' id='word_1_541' title='bbox 1031 4000 1130 4059; x_wconf 76' lang='lat' dir='ltr'>Trinity‚</span> <span class='ocrx_word' id='word_1_542' title='bbox 1151 4001 1220 4060; x_wconf 76' lang='lat' dir='ltr'>given</span> <span class='ocrx_word' id='word_1_543' title='bbox 1239 4003 1268 4059; x_wconf 75' lang='lat' dir='ltr'>hy</span> <span class='ocrx_word' id='word_1_544' title='bbox 1279 4001 1343 4046; x_wconf 85' lang='lat' dir='ltr'>John</span> <span class='ocrx_word' id='word_1_545' title='bbox 1365 4002 1426 4048; x_wconf 77' lang='lat' dir='ltr'>hurd</span> 
     </span>
     <span class='ocr_line' id='line_1_43' title="bbox 272 4082 863 4142; baseline 0.007 -4"><span class='ocrx_word' id='word_1_546' title='bbox 272 4096 385 4138; x_wconf 45' lang='lat' dir='ltr'>crinin.</span> <span class='ocrx_word' id='word_1_547' title='bbox 404 4098 477 4141; x_wconf 77' lang='lat' dir='ltr'>suc,</span> <span class='ocrx_word' id='word_1_548' title='bbox 809 4088 827 4142; x_wconf 83' lang='lat'>‘2</span> <span class='ocrx_word' id='word_1_549' title='bbox 846 4082 863 4142; x_wconf 83' lang='lat' dir='ltr'><em>b</em></span> 
     </span>
    </p>
   </div>
   <div class='ocr_carea' id='block_1_4' title="bbox 0 0 1774 4830">
    <p class='ocr_par' dir='ltr' id='par_1_4' title="bbox 0 0 1774 4830">
     <span class='ocr_line' id='line_1_44' title="bbox 0 0 1774 4830; baseline 0 3"><span class='ocrx_word' id='word_1_550' title='bbox 0 0 1774 4830; x_wconf 95' lang='lat' dir='ltr'> </span> 
     </span>
    </p>
   </div>
  </div>
 </body>
</html>
