3540 4830
781 452 959 496 enerues.
1394 435 1486 499 cxcix

280 604 454 683 pertinentiis
474 623 530 661 una
551 623 614 661 cum
635 602 723 661 feodis
744 608 795 661 &c
815 605 919 662 eisdem
941 604 1085 663 Willelmo
1109 602 1227 681 Phelipp
1254 612 1284 661 et
1305 603 1436 663 Johanne
1462 617 1491 664 et

282 703 428 761 heredibus
443 702 477 760 de
493 703 656 778 corporibus
675 702 837 759 eorumdem
851 703 986 760 Willelmi
1001 712 1029 760 et
1050 702 1181 760 Johanne
1201 704 1366 760 exeuntibus
1384 704 1418 760 dc
1431 706 1492 780 ipso

285 800 364 875 Rege
377 807 407 855 et
425 797 574 854 heredibus
594 798 651 853 suis
674 817 723 873 per
748 799 865 855 servicia
884 798 948 855 iude
969 798 1062 856 debita
1082 807 1110 855 et
1128 807 1262 856 consueta
1281 799 1493 875 imperpetuum,

283 906 366 975 prout
388 897 417 952 in
441 895 545 953 eisdem
567 895 666 951 litteris
692 897 850 970 patentibus
875 895 984 971 plenius
1009 896 1107 971 liquet.
1162 898 1206 954 Ac
1221 897 1333 973 insuper
1351 898 1493 972 juratores

284 993 435 1070 supradicti
460 992 556 1049 dicunt
578 992 654 1068 quod
676 992 766 1049 dictus
791 993 941 1060 Henricus‚
967 1013 1054 1069 nuper
1077 994 1139 1051 Rex
1162 994 1276 1070 Anglie‚
1297 1014 1366 1052 avus
1387 995 1492 1052 domini

287 1091 375 1167 Regis
388 1110 472 1157 nunc,
488 1109 537 1166 per
550 1090 618 1147 elias
633 1090 740 1146 litteras
755 1111 820 1147 sues
839 1101 965 1166 patentes
980 1091 1060 1148 dictis
1078 1093 1252 1168 juratoribus
1272 1093 1301 1148 in
1323 1091 1493 1149 evidentiam

286 1197 421 1255 ostensas,
443 1188 581 1245 concessit
595 1187 711 1262 prefatis
726 1188 870 1245 Willelmo
893 1188 1019 1266 clyfford
1034 1200 1062 1246 et
1078 1191 1163 1246 Anne
1177 1199 1205 1247 et
1220 1189 1362 1245 Willelmo
1379 1188 1495 1267 Phelipp

284 1295 314 1343 et
326 1283 456 1344 Johanne
469 1285 542 1341 inter
556 1285 611 1341 elia
633 1285 786 1341 manerium
801 1284 836 1341 de
857 1285 992 1362 Byrlinge
1012 1287 1041 1341 in
1064 1288 1197 1343 comitatu
1218 1286 1342 1362 predicto
1357 1306 1419 1343 cum
1434 1305 1496 1362 per·

285 1382 418 1449 tinentiis,
438 1401 496 1439 una
523 1402 587 1438 cum
611 1381 700 1438 feodis
724 1382 854 1447 militnm,
876 1382 1104 1440 advocationibus
1125 1384 1304 1440 ecclesiarum
1327 1393 1355 1441 et
1378 1385 1495 1440 aliorum

285 1478 482 1536 beneficiorum
504 1479 758 1535 ecclesiasticorum
782 1498 1022 1555 quorumcumque
1046 1480 1121 1536 dicto
1142 1481 1267 1537 manerio
1291 1480 1325 1536 de
1354 1481 1497 1558 Byrlynge

287 1576 484 1652 pertinentium
508 1576 567 1630 sive
594 1575 787 1649 spectantium,
811 1575 969 1632 habendum
995 1584 1024 1632 et
1050 1577 1199 1633 tenendum
1226 1576 1330 1632 eisdem
1354 1577 1497 1634 Willeliuo

289 1672 416 1750 Clyfford
429 1680 458 1728 et
469 1672 553 1727 Anne
566 1679 595 1726 ct
607 1670 750 1727 Willelmo
767 1670 884 1746 Phelipp
898 1682 927 1727 et
940 1671 1071 1729 Johanne
1081 1681 1110 1728 ct
1124 1671 1273 1728 heredibus
1288 1670 1322 1726 de
1336 1672 1497 1746 corporibus

287 1770 374 1846 ipsius
391 1772 474 1826 Anne
488 1777 517 1825 et
531 1768 661 1826 Johanne
675 1769 848 1835 exeuntibus,
869 1770 908 1825 ita
923 1769 999 1844 quod
1018 1769 1041 1824 si
1056 1769 1171 1844 predicti
1187 1767 1345 1825 Willelmus
1361 1767 1497 1844 clyfford,

291 1867 385 1934 Anna,
406 1866 565 1923 Willelmus
582 1865 700 1940 Phelipp
714 1874 743 1921 et
756 1865 888 1923 Johanne
904 1867 963 1922 sine
978 1866 1078 1922 herede
1096 1865 1130 1922 de
1149 1865 1312 1941 corporibus
1327 1865 1399 1921 dicte
1415 1867 1499 1921 Anne

289 1974 320 2022 et
342 1964 471 2023 Johanne
495 1972 613 2021 exeunte
637 1963 754 2029 obirent,
782 1974 883 2021 extunc
909 1963 1014 2020 dictum
1034 1964 1188 2020 manerium
1211 1962 1245 2019 de
1268 1962 1410 2040 llyrlynge
1433 1981 1496 2017 cum

290 2060 461 2136 pertinentiis
486 2059 551 2123 suis,
567 2078 622 2114 una
647 2078 710 2114 cum
731 2058 820 2116 feodis
843 2069 872 2116 et
893 2060 1121 2116 advocationibus
1143 2059 1317 2135 supradictis,
1346 2057 1382 2114 ud
1404 2059 1495 2134 ipsum

291 2177 375 2215 evum
389 2157 492 2214 domini
511 2156 597 2230 Regis
612 2166 728 2213 nuncet
746 2157 895 2213 heredibus
911 2159 967 2213 suis
986 2158 1188 2233 imperpetuum
1203 2164 1395 2220 reverteretur,
1419 2164 1500 2229 prout

290 2257 320 2312 in
334 2254 416 2311 dictis
436 2254 536 2310 litteris
558 2254 717 2328 patentibus
739 2255 846 2329 plenius
868 2255 1034 2310 continetur.
1079 2254 1190 2310 Virtute
1211 2254 1291 2327 eujus
1312 2251 1498 2308 concessionis

293 2353 374 2409 iidem
403 2351 563 2409 Willelmus
592 2350 720 2429 Clyfford
748 2359 776 2407 et
805 2352 899 2415 Anna,
919 2349 1077 2406 Willelmus
1108 2349 1225 2423 Phelipp
1253 2346 1442 2411 eschanna,
1465 2346 1499 2402 de

291 2450 414 2505 manerio
424 2449 548 2525 predicto
559 2448 673 2504 fuerunt
681 2449 764 2504 seisiti
781 2449 808 2503 in
819 2447 910 2502 forma
922 2447 1053 2522 predicta,
1068 2455 1094 2501 ct
1106 2445 1189 2500 iidem
1201 2444 1361 2502 Willelmus
1374 2443 1501 2520 Clyfford

293 2555 321 2603 et
342 2548 435 2612 Anna,
456 2546 616 2603 Willelmus
638 2545 755 2620 Phelipp
770 2553 798 2600 et
811 2543 952 2610 Johanne,
972 2552 1074 2600 statum
1096 2562 1176 2598 suum
1196 2543 1223 2597 in
1238 2541 1362 2617 predicto
1376 2540 1500 2597 manerio

294 2642 535 2708 continuaverunt,
551 2659 696 2714 quousque
720 2639 810 2695 dictus
835 2638 994 2695 Willelmus
1020 2637 1146 2714 Clyfford
1171 2638 1239 2693 obiit
1262 2639 1321 2693 siue
1343 2636 1443 2693 herede
1468 2636 1502 2693 do

294 2757 409 2813 corpore
424 2757 474 2794 suo
487 2747 515 2794 et
535 2737 569 2793 de
589 2757 704 2813 corpore
723 2738 830 2812 prefate
854 2739 938 2792 Anna
961 2746 1115 2812 procreato.
1158 2735 1196 2792 Et
1217 2745 1312 2810 postea
1335 2735 1396 2791 Rex
1418 2752 1502 2808 nunc,

293 2855 343 2911 per
356 2836 462 2892 litteras
478 2856 543 2892 suas
558 2844 695 2911 patentes,
717 2855 835 2910 quarum
856 2834 921 2890 data
939 2844 981 2890 est
1003 2834 1076 2908 apud
1091 2834 1374 2890 ll'estmonasterium
1396 2831 1502 2888 decimo

295 2932 340 2989 dic
355 2932 426 2989 Maii
451 2951 524 2988 unito
539 2933 616 3007 regni
632 2932 674 2987 sui
690 2932 884 2995 sextodecimo,
906 2934 1025 2987 recitans
1045 2931 1250 2987 concessionem
1265 2929 1426 3005 predictam,
1445 2929 1502 3003 jus,

295 3038 407 3096 statum,
431 3030 542 3086 titulum
563 3038 591 3085 et
610 3031 822 3104 possessionem,
844 3049 899 3105 que
924 3029 1024 3103 prefati
1047 3031 1139 3094 Anna,
1155 3027 1314 3084 Willelmus
1338 3026 1454 3100 Phelipp
1475 3032 1504 3080 et

297 3125 428 3182 Johanne
455 3135 523 3181 tunc
545 3124 703 3181 habuerunt
727 3126 755 3180 in
776 3125 872 3180 eodem
898 3125 1022 3180 manerio
1044 3143 1108 3178 cum
1136 3122 1319 3196 pertinentiis,
1340 3120 1503 3196 acceptavit,

301 3224 474 3299 approbavit,
499 3222 645 3279 ratificavit
659 3233 686 3278 et
701 3222 884 3278 confirmavit
939 3221 976 3276 Et
1000 3221 1115 3276 ulterius
1138 3220 1275 3274 concessit
1295 3218 1411 3293 prefatis
1432 3216 1503 3272 Wil-

300 3321 386 3376 lelmo
402 3320 520 3396 Phelipp
535 3329 564 3375 et
587 3320 717 3376 Johanne
731 3321 802 3375 iuter
822 3320 876 3375 elia
896 3318 971 3392 quod
994 3317 1127 3373 medietas
1151 3316 1274 3390 ejusdem
1297 3315 1413 3370 manerii
1438 3333 1501 3370 cum

304 3418 488 3493 pertinentiis,
509 3435 563 3490 que
578 3417 678 3491 prefati
695 3417 789 3481 Anna,
804 3416 963 3471 Willelmus
976 3414 1095 3488 Phelipp
1108 3423 1135 3468 et
1150 3411 1282 3468 Johuuna
1304 3413 1342 3466 sic
1364 3420 1430 3467 tuuc
1445 3419 1506 3464 ten·

298 3519 400 3569 uerunt
415 3510 442 3564 iu
469 3509 561 3566 forma
582 3510 714 3584 predicta,
729 3519 757 3565 et
776 3529 830 3583 que.
849 3509 983 3565 medietas
997 3517 1060 3584 post
1074 3517 1192 3563 mortem
1208 3505 1394 3581 predictorum
1412 3504 1505 3569 Anne,

302 3605 437 3663 ll'illelmi
455 3603 573 3679 Phelipp
588 3613 615 3659 ct
634 3603 773 3667 Johanne,
796 3623 858 3659 eum
880 3606 968 3678 ipsam
992 3605 1107 3660 Annam
1129 3602 1188 3657 sine
1212 3600 1313 3656 herede
1338 3599 1371 3655 de
1391 3617 1505 3674 corpore

301 3726 351 3762 suo
367 3705 443 3759 obire
458 3702 649 3776 continuisset,
670 3701 704 3757 ael
721 3702 809 3776 ipsum
827 3701 934 3772 llepem
948 3709 977 3755 et.
992 3699 1108 3755 heredes
1127 3719 1191 3754 suos
1213 3699 1314 3754 reverti
1329 3697 1450 3761 deberet,
1472 3718 1505 3754 eo

303 3803 378 3879 quod
394 3802 533 3878 predictus
551 3799 708 3855 il'illelmus
730 3797 856 3873 clyfford
875 3806 1001 3852 mortuus
1016 3798 1078 3863 fuit,
1100 3797 1213 3873 prefatis
1230 3796 1372 3853 ll'illelmo
1388 3795 1504 3873 Phelipp

302 3911 330 3956 et
363 3900 493 3957 loliuime
526 3907 690 3962 remaneret,
724 3894 851 3952 habenda
884 3905 911 3950 et
945 3895 1064 3951 tenenda
1095 3895 1242 3952 medietate
1264 3895 1311 3951 illu
1336 3916 1399 3952 (um
1421 3896 1505 3971 perti

301 4000 409 4061 nuntiis,
426 4018 481 4054 uua
496 4017 559 4053 cum
573 3996 662 4052 feodis
677 3995 804 4059 militum,
829 3998 886 4058 &c.,
907 3993 1011 4050 eisdem
1029 3993 1170 4051 tt'itlehno
1195 3995 1311 4071 l'lielipp
1332 4005 1360 4051 et
1378 3994 1506 4051 .loluurue
