3540 4830
487 460 746 507 vicecom-rou
772 459 1053 506 uounosrsrmrr.
1305 440 1346 515 77

194 637 213 677 a
233 613 284 679 die
299 611 458 697 captionis
474 633 533 677 sue
548 634 652 698 usque
675 613 717 678 sd
728 612 911 699 predictum
922 621 1076 698 tempus;
1099 621 1133 677 et
1147 631 1261 675 omnes
1275 611 1348 676 lite·

194 738 256 793 ras,
271 725 386 792 cartas,
401 723 435 777 et
450 715 579 798 scripto,
594 736 657 800 que
672 714 743 800 ipse
764 726 798 779 et
822 714 909 778 filius
928 735 1007 777 suus
1028 734 1087 797 per
1101 723 1207 779 totum
1223 713 1349 800 predic·

193 830 265 883 tum
281 830 410 903 tempus
424 818 567 882 lecersnt
581 840 639 902 per
653 818 855 884 coactionem
870 818 905 881 in
920 817 1049 882 irritum
1064 827 1214 884 revocste
1229 827 1318 882 sunt.

283 919 459 1003 Gregorius
474 918 515 981 de
533 917 686 982 Rolreslc.
1360 915 1410 963 11⁰.
1422 916 1473 965 cc*
1483 916 1552 965 w.

283 1023 396 1088 samon
412 1022 453 1085 ae
472 1021 652 1086 assessor.
697 1022 794 1086 Anno
810 1021 933 1087 mcc.
946 1022 1001 1087 ιν.
1016 1023 1142 1109 quinto.
1360 989 1534 1107 illido?

239 1127 279 1190 ln
292 1125 445 1189 Crastino
454 1146 531 1189 vero
545 1123 655 1188 Sancti
667 1123 850 1203 Michaelis,
860 1124 945 1189 sicut
955 1126 1156 1190 consuetudo
1167 1135 1229 1205 est,
1241 1126 1350 1211 Major
1360 1126 1421 1201 reg
1430 1112 1501 1158 '‘³²⁴’‘

195 1240 229 1294 et
244 1229 341 1293 Cives
364 1237 575 1313 perrexerunt
597 1227 683 1312 apud
699 1225 1029 1292 westmonasterium
1051 1230 1092 1293 sd
1115 1229 1348 1315 presentandos
1361 1189 1570 1311 sillaim„

195 1334 268 1397 illos
277 1329 458 1395 Beronibus
471 1330 511 1394 de
522 1330 700 1407 Scaccario,
709 1339 753 1407 et,
763 1330 893 1395 nemine
903 1330 1023 1396 ibidem
1036 1333 1350 1414 invento‚redicrunt
1362 1320 1541 1432 ffl‘z‘ffgf

195 1437 234 1499 ad
251 1434 390 1520 propria.
435 1433 480 1495 Et
496 1432 541 1494 ita
555 1432 618 1516 ipsi
634 1432 666 1495 in
684 1430 901 1496 vicecomites
916 1455 982 1497 non
999 1444 1077 1499 sunt
1090 1436 1234 1501 admissi.
1362 1457 1451 1511 aprus
1461 1400 1541 1495 effia-

240 1535 501 1611 Memorandum,
525 1534 624 1619 quod,
650 1533 744 1598 finito
769 1535 913 1619 predicto
944 1536 1159 1614 Parlamento,
1186 1537 1349 1602 Dominus
1362 1515 1551 1626 ἱζᾞᾙζζι

197 1644 266 1705 Rex
290 1639 366 1703 lecit
391 1637 563 1702 convenire
581 1638 668 1721 apud
690 1637 945 1723 Wyndlcshores
970 1660 1084 1703 omnes
1105 1640 1263 1719 Comites,
1288 1641 1350 1704 Ba·
1363 1613 1425 1705 recl
1445 1644 1575 1727 aaran,

196 1766 302 1819 renes,
319 1741 454 1817 Milites,
469 1748 630 1824 quotquot
644 1750 782 1823 poterat,
797 1762 871 1804 curn
887 1741 978 1825 equis
990 1751 1023 1805 et
1038 1742 1147 1819 armis,
1167 1741 1281 1808 rolens
1295 1764 1350 1807 ex·
1362 1710 1574 1834 mxi-firm

197 1864 339 1930 pugnare
355 1840 527 1904 Civitatem
546 1839 801 1919 Londoniarum,
812 1864 932 1907 vocans
949 1843 1046 1907 Cives
1061 1844 1210 1908 inimicos
1226 1867 1314 1909 suos.
1360 1838 1535 1925 lff't'lm‘lm'i

239 1947 333 2009 runc
355 1942 523 2028 pemmo
543 1942 606 2005 nit
627 1953 696 2006 ton
718 1942 853 2008 civitas.
898 1944 1106 2026 saronem,
1130 1958 1163 2012 et
1185 1918 1574 2030 mursonlllll'il'ss

198 2048 253 2135 qui
268 2056 362 2110 antes
376 2045 574 2109 adhesemnt
589 2044 712 2110 Comiti
723 2046 896 2112 leicestrie
906 2059 1019 2113 contra
1030 2050 1164 2135 Regem,
1175 2073 1353 2136 proposue-
1363 2050 1402 2081 “²
1412 2050 1495 2081 ‘'¹¹⁸⁰''

197 2163 274 2216 runt
289 2150 414 2213 munire
430 2147 603 2211 Civitatem
620 2159 733 2213 eontra
755 2148 888 2233 ipsum3
911 2160 963 2215 set
985 2152 1045 2215 viri
1060 2152 1190 2218 discreti
1206 2154 1247 2220 de
1263 2154 1353 2219 Civi-

198 2267 275 2334 ἴητε,
301 2254 356 2339 qui
380 2273 507 2337 semper
529 2251 662 2314 fuerunt
683 2252 724 2315 sd
741 2251 838 2318 fidem
857 2254 992 2318 Domini
1019 2256 1128 2341 Regis,
1152 2257 1228 2323 licet
1246 2259 1353 2344 aliqua

197 2380 271 2443 pars
286 2378 398 2420 eorum
416 2354 623 2440 prebuissent
645 2376 814 2420 assensum
839 2356 927 2421 dicto
944 2355 1077 2433 Comici,
1100 2359 1158 2423 sed
1180 2381 1238 2445 per
1260 2382 1352 2427 coae-

195 2461 330 2533 tionem,
352 2454 524 2519 noluerunt
540 2455 581 2519 sd
595 2457 659 2520 hoc
681 2457 856 2537 assentire;
879 2468 913 2521 et
935 2458 1040 2522 missis
1063 2460 1210 2545 pluribus
1236 2462 1352 2527 litteris

196 2583 254 2648 per
268 2561 355 2623 viros
367 2558 533 2641 religiosos
543 2558 689 2623 Domino
704 2558 786 2643 Regi
802 2560 842 2624 sd
851 2559 1092 2645 impetrandum
1103 2565 1238 2648 gratiam
1249 2588 1353 2643 suam,

195 2661 294 2727 nichil
309 2660 355 2724 eis
370 2658 503 2744 profuit.
547 2658 706 2737 Tandem,
722 2658 835 2725 habito
850 2660 986 2726 oonsilio
1001 2661 1086 2728 inter
1105 2665 1205 2750 ipsos,
1221 2667 1352 2732 univer·

194 2766 270 2829 salis
294 2762 478 2826 Communs
499 2782 668 2825 assensum
692 2761 823 2846 prebuit
841 2763 882 2826 sd
906 2766 1096 2849 ponendum
1118 2790 1154 2833 se
1176 2769 1210 2834 in
1229 2771 1353 2835 miseri·

194 2867 303 2933 cordia
327 2863 460 2927 Domini
484 2863 593 2947 Regis,
614 2874 647 2927 et
673 2885 772 2949 super
791 2865 853 2929 hoc
877 2866 1026 2931 fecemnt
1044 2869 1168 2935 litteras
1193 2884 1353 2958 putentes,

195 2968 299 3054 sigillo
316 2964 571 3030 Communitatis
586 2964 752 3049 sigillatas,
766 2966 807 3029 ad
824 2989 905 3051 quas
928 2968 1120 3037 deferendas
1142 2984 1175 3038 et
1201 2987 1351 3041 ostensu-

193 3094 245 3135 ras
269 3068 410 3133 Domino
434 3068 515 3151 Regi
540 3067 632 3131 electi
660 3068 792 3132 luerunt
816 3080 891 3134 octo
905 3070 976 3150 viri,
998 3074 1053 3156 qui
1075 3075 1146 3139 illss
1165 3091 1351 3161 presentare

194 3172 349 3237 deberent
364 3171 393 3234 ci
408 3169 496 3254 apud
511 3169 769 3235 windleshores.
815 3172 944 3238 Quibus
961 3174 1187 3241 itinersntibus
1207 3180 1351 3247 obviavit

195 3272 358 3339 Dominus
375 3272 521 3355 Rogerus
545 3271 585 3334 de
603 3271 777 3349 Leiburne,
798 3273 920 3352 dicens,
942 3275 1030 3359 quod
1052 3277 1121 3362 ipse
1141 3300 1201 3363 pro
1221 3303 1349 3365 promo.

195 3379 283 3441 tione
311 3374 462 3439 Ciuitatis
486 3384 520 3437 et
545 3373 773 3438 emendatione
797 3375 887 3439 venit
912 3376 952 3439 ad
975 3377 1210 3464 disponendam
1237 3408 1350 3469 pacem

195 3480 279 3542 inter
305 3476 486 3540 Dominum
514 3475 636 3558 Regem
662 3485 696 3539 et
726 3474 834 3539 Cives.
880 3476 1009 3543 Quibus
1035 3482 1165 3561 auditis,
1194 3486 1266 3565 viri,
1294 3488 1350 3573 qui

195 3581 286 3647 missi
302 3580 444 3654 luerunt,
459 3576 625 3641 redierunt
640 3577 680 3640 ad
696 3579 842 3663 propriu3
862 3580 969 3644 dictus
983 3594 1093 3650 autem
1109 3586 1255 3671 Rogerus
1274 3590 1351 3655 hos·

196 3686 318 3771 pitatus
333 3693 384 3745 est
399 3680 433 3742 in
447 3678 542 3743 Turri
560 3680 814 3746 londoniarum.

239 3788 338 3851 blane
361 3794 469 3847 autem
489 3782 586 3859 lacto,
611 3782 717 3847 dictus
739 3785 886 3869 Rogerus
901 3787 1037 3852 accessit
1057 3791 1097 3854 ad
1120 3790 1288 3858 ecclesiam
1310 3795 1351 3861 de

200 3891 359 3973 llcrkinge
373 3884 532 3963 (berche,
548 3882 603 3947 ubi
625 3883 732 3949 Maior
746 3898 780 3951 et
795 3887 1038 3955 innumerabilis
1063 3893 1205 3979 populus
1221 3896 1350 3963 Civium

198 3999 430 4066 convenerunt,
456 3998 488 4051 ct
511 3988 698 4051 currvocstis
723 3990 848 4055 Maiore
872 4004 905 4057 ct
931 3993 1173 4061 discretioribus
1190 4000 1352 4082 Civitatis,
