3540 4830
453 506 706 551 vicecomis-uu
735 508 1020 551 riouuoxrnnou.
1272 498 1312 554 65

160 655 342 721 devotionis
357 656 510 741 operibus
520 659 723 737 adherentes,
735 658 861 723 Simoni
872 658 912 722 de
923 658 1040 724 Monte
1052 660 1153 738 Forti,
1166 660 1316 727 Gilberte

159 759 200 823 de
211 760 317 838 Clare,
326 761 502 846 ceterisque
512 763 670 826 universis
682 773 715 826 et
727 761 862 845 singulis
874 762 1006 846 perfidie
1017 785 1074 826 sue
1090 764 1315 848 complicibus.

161 862 214 925 Ex
240 863 355 927 litteris
378 863 506 942 vestris,
532 887 612 948 quas
638 864 755 930 illustri
780 864 860 949 Regi
885 865 1011 949 Anglie,
1037 866 1180 930 Domino
1204 878 1316 930 nostro

160 962 342 1044 karissimo,
357 965 592 1042 transmisistis,
612 966 795 1050 accepimus
814 988 874 1029 nos
897 988 969 1030 esse
990 966 1153 1031 diffidatos
1169 990 1188 1030 a
1202 966 1316 1044 vobis;

159 1067 305 1149 quamvis
332 1069 521 1152 hujusmodi
548 1068 686 1132 verbalis
710 1067 867 1131 diffidatio
897 1069 976 1131 satis
996 1070 1094 1133 fuerit
1116 1069 1211 1133 nobis
1234 1080 1310 1133 ante

160 1169 287 1233 realiter
301 1180 408 1234 vestra
423 1171 533 1235 hostili
548 1172 581 1234 in
597 1193 703 1235 rerum
731 1181 914 1234 nostrarum
931 1170 1089 1236 incendiis
1104 1183 1138 1235 et
1153 1172 1312 1237 bonorum

160 1280 345 1336 nostrorum
362 1272 669 1358 depopulationibus
691 1272 917 1357 prosecutione
933 1272 1078 1357 probata.
1125 1274 1196 1338 Nos
1218 1273 1316 1357 igitur

160 1374 241 1437 scire
256 1373 407 1439 volumus
423 1397 482 1438 vos
497 1399 516 1439 a
531 1375 626 1439 nobis
642 1375 799 1438 universis
815 1386 848 1438 et
867 1375 1012 1460 singulis,
1024 1386 1188 1460 tamquam
1199 1377 1312 1440 hostes

160 1474 308 1559 puplieos
319 1475 360 1538 ab
371 1476 519 1540 hostibus
530 1477 711 1554 diffidatos3
728 1476 782 1561 qui
799 1476 951 1562 deinceps
963 1499 1174 1562 personarum
1190 1490 1314 1542 vestra·

160 1591 233 1639 rum
259 1587 293 1641 et
321 1598 427 1641 rerum
458 1578 648 1663 dispendiis,
676 1578 869 1662 ubicumque
899 1579 994 1642 nobis
1024 1580 1065 1643 ad
1095 1580 1157 1643 hoc
1180 1579 1315 1643 facultas

159 1679 298 1757 affuerit,
313 1680 391 1743 totis
414 1680 536 1744 viribus
560 1681 679 1745 nostris
694 1691 728 1743 et
742 1679 906 1743 mentibus
929 1680 1128 1745 insistemus.
1170 1681 1220 1743 De
1243 1680 1315 1764 hoc,

159 1792 280 1859 autem,
295 1781 383 1866 quod
399 1781 478 1845 salso
494 1781 589 1845 nobis
612 1781 790 1867 imponitis,
806 1783 893 1866 quod
917 1804 977 1847 nec
999 1783 1093 1846 fidele
1115 1802 1175 1846 nec
1192 1780 1314 1846 bonum

159 1882 330 1946 consilium
356 1883 418 1967 ipsi
435 1884 514 1968 Regi
535 1895 647 1948 nostro
678 1883 804 1961 damus,
829 1906 1031 1969 nequaquam
1051 1906 1164 1949 verum
1198 1884 1314 1948 dicitis.

159 1984 206 2047 Et
231 1984 259 2048 si
284 2007 355 2063 vos,
386 1987 527 2050 Domine
553 1985 667 2050 Simon
698 1987 738 2050 de
769 1986 885 2050 Monte
914 1987 1003 2051 Forti
1026 1987 1077 2052 vel
1101 1985 1248 2050 Gilberte
1275 1987 1315 2051 de

160 2086 264 2164 Clare,
294 2088 400 2152 velitis
429 2090 491 2153 hoe
517 2089 603 2153 idem
628 2089 661 2152 in
686 2088 784 2152 Curia
806 2089 884 2153 dieti
911 2089 1009 2174 Regis
1031 2111 1185 2167 asserere,
1212 2089 1316 2174 parati

159 2211 273 2253 sumus
294 2190 387 2255 vobis
411 2213 559 2256 securum
581 2192 621 2255 ad
647 2192 844 2256 veniendum
860 2191 899 2255 ad
916 2192 1035 2257 dietam
1052 2192 1184 2255 Curiam
1200 2213 1316 2277 procu·

158 2313 226 2356 rare
250 2294 459 2372 conductum,
481 2305 516 2359 et
535 2306 645 2358 nostre
669 2316 766 2379 super
789 2294 851 2358 hoe
873 2295 1059 2359 innocentie
1080 2296 1260 2372 veritatem,
1282 2304 1316 2358 et

158 2394 268 2471 vestri,
284 2395 368 2459 sicut
382 2395 496 2481 perfidi
512 2396 699 2481 proditoris,
722 2396 925 2459 mendacium
952 2396 1112 2460 declarare
1136 2417 1194 2481 per
1215 2396 1314 2460 alium

158 2495 328 2561 nobilitate
344 2509 377 2561 et
391 2518 507 2582 genere
523 2497 618 2561 nobis
635 2520 756 2583 parem.
802 2498 930 2562 Omnes
949 2520 1009 2561 nos
1028 2498 1173 2562 contenti
1200 2519 1314 2561 sumus

157 2599 374 2682 predictorum
403 2600 618 2664 Dominorum
644 2599 767 2684 sigillis,
790 2600 952 2678 videlicet,
976 2602 1198 2664 Romanorum
1214 2599 1312 2683 Regis

157 2711 191 2764 et
207 2701 340 2765 Domini
357 2703 519 2766 Edwardi.
565 2703 688 2766 Datum
705 2703 830 2779 Lewes,
846 2703 892 2787 xij
906 2703 958 2766 die
974 2702 1066 2766 Maii.

202 2803 319 2867 Postea
331 2804 401 2867 Rex
408 2803 599 2867 Alemannis
610 2804 728 2867 duetus
743 2814 794 2868 est
813 2805 854 2868 ad
865 2816 1006 2869 castrum
1018 2805 1057 2868 de
1070 2804 1314 2869 Bertamstede.

156 2904 248 2968 Tunc
265 2904 419 2990 Episcopi
433 2916 467 2968 et
484 2906 628 2969 Berones
644 2915 819 2971 tenuerunt
831 2907 1079 2991 parlamentum,
1094 2906 1126 2969 in
1144 2927 1209 2990 quo
1224 2905 1312 2969 ordi-

156 3017 267 3072 natum
292 3008 366 3086 fuit,
382 3009 466 3072 sieut
481 3018 572 3093 patet
585 3008 618 3072 in
635 3007 751 3073 litteris
767 3009 901 3073 Domini
919 3009 1027 3093 Regis,
1043 3031 1123 3092 quas
1139 3009 1209 3093 ipse
1224 3008 1312 3085 fecit,

157 3120 191 3174 et
202 3111 306 3195 sigillo
322 3134 381 3174 suo
394 3112 566 3195 sigillavit3
589 3134 651 3196 que
667 3113 772 3177 littere
788 3113 834 3177 sic
846 3113 1007 3197 incipiunt

198 3213 250 3276 Ad
276 3214 536 3278 reformationem
560 3215 665 3278 statiis
686 3217 775 3299 regni
796 3215 955 3300 eligantur
969 3227 1035 3278 tres
1050 3213 1254 3276 discretiores
1270 3211 1311 3275 de

156 3335 266 3398 regno,
281 3315 339 3378 &e

198 3416 291 3479 Tunc
315 3414 481 3499 provisum
505 3415 567 3479 fuit
592 3416 633 3480 de
658 3416 854 3501 raptoribus,
870 3425 937 3479 tam
958 3414 1081 3478 clericis
1097 3434 1193 3497 quam
1209 3411 1310 3491 laicis,

155 3519 318 3605 quomodo
335 3518 377 3581 sit
392 3529 504 3581 contra
519 3541 575 3583 eos
591 3519 844 3603 procedendum.

199 3631 283 3694 Item
306 3629 346 3692 de
372 3628 506 3706 clericis,
527 3629 582 3713 qui
602 3650 690 3691 arma
711 3627 857 3691 tulerunt
875 3629 909 3691 in
927 3627 1025 3705 bello,
1037 3628 1089 3691 vel
1104 3627 1137 3690 in
1153 3625 1310 3689 comitatu

156 3734 348 3819 predonum.

199 3837 282 3901 Item
306 3836 346 3900 de
368 3833 491 3898 clericis
513 3843 548 3897 et
566 3832 667 3910 laicis,
682 3833 737 3916 qui
752 3831 839 3895 bona
853 3830 1068 3896 ecclesiastiea
1082 3839 1260 3916 rapuerunt
1275 3829 1308 3892 in

154 3963 220 4004 una
245 3939 377 4018 diecesi,
400 3947 434 4001 et
455 3936 611 4003 beneficia
639 3936 692 4000 vel
726 3936 888 4000 domicilia
917 3934 1040 3998 habent
1068 3936 1101 3999 in
1132 3935 1204 4012 alia,
1233 3954 1309 3998 eum

155 4066 221 4107 non
237 4053 389 4126 poterunt
401 4041 560 4125 preveniri
575 4040 739 4120 citatione,
755 4039 811 4103 ubi
823 4050 1048 4126 perpetrarunt
1063 4039 1189 4105 delicta.

199 4167 312 4211 cauo.
337 4166 412 4210 soc.
978 4166 1000 4208 κ
