3540 4830
754 474 932 518 naasson.
1340 453 1442 517 lxxvii

244 621 373 679 salutem.
414 623 489 687 Quin
504 621 676 699 Margareta,
690 644 745 701 que
758 625 813 681 fuit
825 644 898 683 uxor
912 624 1030 682 Domini
1046 624 1165 681 Roberti
1182 624 1327 700 Aguillon,
1341 635 1395 681 etc.
1410 633 1442 681 ut

242 735 336 792 supra.
379 717 498 795 T(este)
513 720 618 794 meipso
631 720 706 795 apud
720 720 849 777 Berewik
870 740 953 796 super
977 719 1109 777 Twednm
1124 728 1202 776 sexto
1217 719 1261 775 die
1275 718 1355 777 Junii
1368 737 1442 776 anno

242 814 321 887 regni
335 813 423 868 nostri
438 813 595 869 vicesim0.”

281 909 352 966 This
366 912 428 967 writ
440 911 466 967 is
480 910 618 968 endorsed
633 911 689 968 Pro
709 910 823 970 domino
846 911 970 987 Hugone
985 911 1113 979 Berdolf,
1138 911 1194 968 and
1219 918 1248 967 at
1261 910 1299 968 its
1314 910 1378 967 date
1392 910 1440 967 the

245 1006 323 1083 Kiug
337 1027 392 1065 was
406 1009 517 1086 beyond
532 1008 631 1065 Trent.

284 1106 383 1165 Under
400 1106 448 1164 the
471 1105 535 1163 first
547 1106 610 1163 writ
631 1105 680 1162 the
700 1104 845 1181 following
864 1105 1042 1181 inquisitione
1057 1126 1128 1163 were
1147 1105 1232 1163 talen
1246 1106 1275 1161 in
1289 1106 1446 1181 respectos

243 1202 294 1259 her
307 1203 408 1269 dower,
422 1222 453 1259 as
469 1203 610 1262 Countess
624 1203 657 1259 of
668 1201 789 1270 Devon;
811 1202 858 1259 the
869 1202 931 1258 first
944 1204 970 1259 is
983 1202 1029 1259 for
1050 1203 1100 1260 her
1119 1222 1217 1260 manor
1231 1203 1264 1259 of
1276 1201 1442 1271 Newnham,

242 1319 314 1356 eom.
328 1300 412 1356 Oxou
421 1320 470 1357 :-

285 1396 463 1472 “Inquisitio
486 1405 568 1473 capta
590 1396 722 1453 vicesimo
743 1405 844 1453 octavo
863 1395 906 1452 die
924 1395 1003 1453 Junii
1023 1415 1097 1452 anuo
1111 1396 1190 1471 regni
1207 1395 1296 1470 Regis
1312 1392 1443 1452 Edwardi

245 1499 295 1550 xx⁰
310 1512 393 1568 super
406 1493 530 1549 articulis
545 1494 717 1569 subscriptis,
737 1492 867 1549 videlicet
886 1502 1031 1568 quantum,
1045 1497 1097 1549 &c
1112 1492 1158 1570 (as
1178 1493 1207 1548 in
1229 1492 1277 1548 the
1292 1491 1379 1568 urit)
1394 1511 1443 1567 per

244 1591 282 1645 xii
294 1591 404 1665 juratos
429 1591 608 1666 subscriptos,
631 1589 762 1646 videlicet
785 1608 835 1664 per
858 1589 1015 1645 liebertum
1040 1589 1075 1645 de
1098 1589 1191 1655 Lulle,
1206 1592 1256 1645 διο.
1278 1590 1326 1664 qui
1347 1590 1445 1647 dicunt

243 1704 326 1760 super
340 1695 545 1743 sacramentum
567 1705 648 1741 suum
662 1685 738 1760 quod
761 1685 836 1741 dicta
860 1685 1025 1760 Margareta
1047 1684 1133 1742 nichil
1158 1685 1248 1742 tenuit
1272 1685 1306 1741 de
1328 1685 1442 1743 domino

245 1783 325 1859 Rege
339 1785 367 1838 in
387 1785 477 1858 capite
491 1783 519 1838 in
534 1783 667 1839 comitatu
682 1781 802 1846 Omnis,
827 1781 877 1838 sed
902 1782 991 1838 tenuit
1014 1783 1169 1838 manerium
1191 1782 1226 1839 de
1250 1781 1402 1839 Newebnm
1414 1785 1444 1840 in

243 1880 342 1937 eodem
357 1881 490 1936 comitatu
510 1881 539 1935 in
548 1878 649 1935 dotem
664 1878 698 1935 de
720 1877 861 1934 dotatione
884 1877 1035 1934 Baldewini
1054 1878 1089 1934 de
1105 1877 1209 1944 insula,
1230 1878 1369 1953 quondam
1391 1879 1444 1936 viri

246 1978 298 2042 sui,
313 1985 341 2032 et
355 1976 390 2032 de
400 1974 555 2032 hereditate
567 1974 697 2031 Ysabelle
712 1975 746 2031 de
763 1974 894 2032 Fortibus
910 1975 1060 2033 Comitisse
1077 1974 1250 2032 Albemarlie
1266 1989 1294 2031 et
1314 1974 1442 2033 Devonie

244 2083 272 2129 et
286 2074 322 2130 ad
336 2074 424 2148 ipsam
439 2071 588 2129 Isabollam
603 2073 705 2128 reverti
720 2071 803 2128 debet
816 2080 880 2146 post
895 2081 1015 2128 mortem
1030 2073 1115 2147 ipsius
1132 2071 1296 2147 Margarete
1309 2081 1443 2148 tanquam

244 2166 374 2225 heredem
399 2168 625 2243 propinquiorem
649 2166 767 2242 predicti
794 2167 944 2224 Baldewini
967 2176 996 2224 et
1020 2167 1100 2242 plene
1128 2169 1221 2224 etatis.
1277 2167 1317 2224 Et
1340 2168 1446 2226 tenebit

244 2265 398 2322 manerium
413 2264 570 2340 predictum
584 2263 618 2320 de
629 2263 743 2320 domino
773 2263 853 2338 Rege
875 2265 902 2319 iu
918 2264 1007 2337 capite
1028 2282 1079 2339 per
1098 2264 1300 2338 serjanteriam,
1315 2265 1355 2321 ita
1369 2264 1445 2339 quod

244 2363 303 2437 ipse
317 2361 365 2436 qui
380 2369 457 2417 tenet
469 2362 623 2417 manerium
637 2360 716 2417 dabit
731 2360 843 2416 domiuo
865 2359 939 2433 Regi
954 2379 1055 2434 aquam
1070 2360 1106 2416 ad
1119 2360 1252 2416 lavandas
1266 2379 1364 2416 manus
1379 2380 1443 2418 suas

245 2459 289 2515 die
299 2458 409 2514 Natalis
419 2457 545 2522 Domini,
556 2466 584 2512 et
592 2457 747 2531 asportabit
757 2465 786 2511 et
794 2456 907 2511 habebit
918 2455 1011 2530 pelves
1020 2463 1048 2510 et
1056 2457 1261 2530 manutergium
1269 2475 1320 2530 pro
1327 2458 1444 2514 servicio

245 2556 377 2631 predicto,
384 2564 412 2610 et
421 2553 495 2610 valet
504 2554 658 2609 manerium
670 2571 834 2627 perannum
848 2553 878 2608 in
889 2552 1017 2607 omuibus
1028 2553 1146 2608 exitibus
1155 2553 1340 2628 quadraginta
1350 2554 1445 2612 libras.

247 2652 282 2707 ln
304 2651 384 2725 cujus
406 2651 444 2704 rei
466 2649 655 2705 testimonium
677 2647 793 2723 predicti
813 2648 900 2721 jurati
915 2646 980 2704 huic
999 2648 1171 2722 inquisitioni
1187 2649 1281 2724 sigilla
1298 2669 1444 2727 suaappo·

245 2757 368 2806 suerant.
409 2747 517 2803 Datum
531 2746 606 2822 apud
621 2745 774 2802 Newehnm
788 2744 832 2800 die
845 2754 874 2801 et
887 2764 962 2801 anno
976 2745 1161 2820 supradicto.”

286 2845 349 2901 The
373 2855 439 2901 next
460 2846 483 2900 is
515 2844 561 2900 for
584 2843 633 2900 tbe
657 2862 756 2899 manor
780 2843 814 2898 of
841 2842 999 2920 Pishobury
1023 2844 1053 2899 in
1083 2842 1344 2919 Sawbridgeworth,
1373 2864 1445 2902 com.

248 2942 392 2998 Hertsz-

286 3048 304 3073 “
319 3037 465 3112 Inquisitio
480 3036 555 3092 lacta
568 3036 597 3091 iu
616 3035 740 3091 manerio
754 3034 788 3090 de
804 3034 918 3111 Pyshoo
932 3036 977 3092 die
993 3035 1108 3092 Sabbnti
1124 3038 1250 3113 proximo
1264 3045 1329 3093 ante
1343 3037 1446 3092 festum

248 3135 345 3193 Sancti
359 3133 499 3192 lobannis
516 3133 641 3204 Baptiste
656 3133 709 3209 (21
722 3130 806 3207 Juu.)
821 3151 894 3188 anno
908 3133 988 3208 regni
1004 3132 1092 3207 Regis
1110 3133 1239 3189 Edwardi
1254 3134 1395 3200 vicesimo,
1409 3133 1444 3189 de

246 3232 328 3287 terris
342 3241 370 3286 et
385 3228 550 3286 tenementis
565 3248 619 3303 que
632 3229 749 3284 fuerunt
763 3227 926 3303 Margarete
941 3228 975 3284 de
992 3229 1132 3305 llypariis‚
1154 3229 1303 3287 Comitisse
1315 3229 1443 3285 Devonie

246 3329 321 3385 etde
337 3326 443 3393 Insula,
453 3326 584 3382 defuncte
599 3327 627 3381 in
642 3326 774 3381 comitatu
791 3324 956 3382 Hertfordie
967 3345 1016 3400 per
1031 3325 1194 3383 Galfridum
1209 3326 1244 3382 de
1260 3325 1446 3392 Sachambtc.

247 3428 304 3491 Qui
318 3426 415 3482 dicunt
428 3442 512 3498 super
534 3432 738 3479 sacramentum
760 3441 842 3478 suum
864 3423 939 3497 quod
962 3421 1086 3498 predicta
1109 3422 1273 3497 Margareta
1295 3422 1446 3480 Comitissa

248 3522 375 3579 Devonie
398 3520 504 3576 nullam
522 3529 626 3576 terram
650 3521 741 3575 tenuit
765 3521 793 3575 in
816 3519 940 3594 predicto
961 3520 1094 3575 comitatu
1114 3520 1143 3575 in
1166 3520 1255 3593 capite
1278 3519 1312 3575 de
1333 3518 1446 3575 domino

249 3620 337 3691 Rege.
379 3616 487 3673 Dicunt
501 3616 584 3671 etiam
598 3616 673 3690 quod
695 3616 819 3691 predicta
842 3615 1005 3689 blargareta
1019 3616 1108 3671 tenuit
1122 3616 1278 3672 manerium
1291 3613 1447 3688 predictum

247 3716 281 3772 de
298 3713 411 3790 Pyshoo
435 3722 463 3769 et
484 3711 538 3768 hoc
562 3713 590 3767 iu
614 3712 679 3768 dote
703 3721 767 3786 post
790 3725 908 3766 mortem
935 3709 1096 3787 Baldewyni
1120 3710 1155 3766 de
1178 3710 1284 3776 Insula,
1306 3711 1448 3784 quondum

247 3811 338 3869 mariti
364 3811 416 3866 sui.
463 3808 541 3865 Idem
566 3807 754 3885 Baldewyuus
778 3808 868 3863 tenuit
902 3806 1057 3882 predictum
1091 3807 1246 3862 manerium
1273 3807 1307 3864 de
1334 3807 1447 3866 domino

249 3909 393 3965 Willelmo
408 3908 441 3964 de
457 3907 515 3984 say
530 3907 558 3962 in
573 3907 664 3983 capite
678 3925 727 3982 per
742 3904 890 3961 servicium
904 3904 989 3959 trium
1002 3903 1148 3961 feodorum
1162 3904 1281 3962 militum
1295 3914 1323 3962 et
1341 3906 1446 3963 dimidii

247 4006 370 4063 etunius
393 4003 537 4081 quartarii,
557 4011 586 4059 ct
610 4001 683 4059 valet
707 4000 863 4079 predictum
887 4000 1040 4058 manerium
1066 4021 1240 4077 perannum
1264 4004 1293 4061 xl
1308 4003 1394 4062 libras
1416 4004 1445 4059 in
