3540 4830
458 502 715 549 vrcscourruu
742 502 1027 551 nosnonraauu.
1255 493 1316 551 188

170 654 290 719 Comes
313 652 354 719 de
376 653 408 717 la
423 653 568 734 Marche,
585 653 705 720 Comes
720 653 761 720 de
785 655 965 721 Mendome
979 665 1013 720 et
1028 655 1148 721 Comes
1164 657 1205 722 de
1221 656 1320 723 Acele

170 766 204 822 et
218 757 384 843 sexaginta
399 768 524 843 septem
537 758 655 823 vexilla
668 768 848 844 portantes,
862 757 933 823 sine
953 758 1080 824 minuto
1095 761 1229 846 populo.

213 860 290 938 lPer
308 859 487 946 prescripta
500 861 708 926 manifestum
730 872 782 926 est
806 862 893 946 quod
916 861 970 927 ille
986 861 1140 942 Karolus,
1154 872 1233 928 tunc
1249 864 1364 930 chso·
1379 865 1469 916 ¹⁹⁴*-

171 960 302 1039 Cecilie,
312 962 367 1047 qui
382 982 447 1026 non
463 961 560 1047 longo
575 972 720 1047 tempore
735 973 898 1029 transacto
912 964 999 1029 illam
1011 975 1130 1032 terram
1139 933 1542 1059 occupavit‚,⁰„“,·⁰⁶„f,2'⁰¹,⁸‡„

171 1065 301 1149 capiens
316 1086 429 1130 verum
440 1065 592 1130 heredem
603 1065 689 1130 illias
700 1066 802 1152 regni,
820 1067 952 1144 scilieet,
967 1066 1202 1147 Conrsdinum,
1216 1067 1319 1133 filium
1332 1065 1441 1126 &aaa

173 1165 326 1246 Conrsdi,
354 1166 413 1231 filii
442 1166 619 1232 Fretherici
645 1166 866 1252 Imperatoris,
894 1189 1002 1253 quem,
1031 1192 1105 1235 cum
1135 1170 1320 1257 quindecim

173 1267 336 1334 nobilibus
363 1271 404 1336 de
428 1292 527 1357 regno
543 1270 734 1335 Alemannie
757 1270 791 1333 in
803 1270 941 1335 vinculis
957 1268 1128 1336 crudeliter
1149 1271 1321 1352 interfecit,

173 1380 280 1435 totum
297 1372 473 1436 exercitum
489 1371 758 1450 Christianorum,
778 1370 833 1456 qui
847 1372 1008 1457 preparati
1023 1373 1154 1436 fuerunt
1168 1375 1322 1438 mansfre-

174 1474 265 1537 tandi
290 1474 324 1537 in
339 1475 471 1539 Terram
490 1474 642 1539 Sanctam
657 1473 796 1558 graviter
815 1473 893 1538 fecit
915 1495 1031 1553 errare,
1053 1485 1087 1539 et
1106 1475 1241 1540 adduxit
1263 1496 1321 1540 eos

174 1596 284 1641 secum
299 1577 333 1640 in
349 1578 528 1661 predictam
543 1576 695 1655 insulam,
710 1575 792 1639 dans
806 1576 853 1639 eis
868 1575 1047 1661 intelligere
1062 1576 1150 1660 quod
1168 1576 1238 1661 ipse
1252 1577 1320 1641 rel·

173 1679 219 1742 let
243 1679 419 1744 Saracenos
443 1680 478 1743 in
503 1679 616 1744 eadem
640 1677 747 1742 insula
771 1677 957 1742 habitantes
987 1677 1117 1761 penitus
1143 1677 1320 1742 destruere.

176 1781 276 1846 Quod
297 1792 406 1845 tamen
426 1804 493 1846 non
516 1781 602 1860 iecit,
625 1780 681 1845 sed
704 1779 909 1846 solummodo
924 1780 1019 1845 duxit
1034 1801 1143 1844 secum
1158 1779 1321 1864 predictos

176 1882 380 1947 Christianos
410 1883 578 1948 occasione
614 1882 702 1946 illam
731 1882 871 1946 insulam
901 1882 1080 1947 subiciendi
1108 1881 1321 1947 dominationi

176 2005 245 2062 sue,
271 1985 356 2049 sicut
379 1996 469 2070 patet
493 1986 527 2049 in
542 1985 731 2070 premissis;
755 1995 790 2049 et
811 1985 857 2048 ita
871 1983 989 2049 defecit
1002 1984 1186 2069 passagium
1212 2005 1322 2049 cruce·

176 2086 374 2171 signatorum
400 2110 512 2152 versus
542 2088 675 2152 Terram
701 2087 853 2152 Sanctam
878 2088 918 2152 sd
941 2085 1187 2169 irrecuperabile
1209 2086 1324 2170 damp-

176 2210 253 2251 num
270 2190 371 2253 totius
388 2189 654 2269 Christianitatis,
669 2200 704 2254 et
727 2190 826 2254 etiam
849 2189 1027 2254 maximum
1043 2187 1221 2273 dampnum
1236 2188 1324 2253 illius

175 2294 273 2356 Terre
289 2292 417 2356 Sancte.

220 2394 472 2457 Memorandum
492 2394 579 2478 quod
609 2394 691 2459 inira
719 2394 807 2458 hunc
835 2415 957 2457 annum
986 2401 1146 2458 venerunt
1178 2413 1325 2457 rumores

177 2494 357 2560 Londoniis
372 2495 456 2560 cirea
477 2495 598 2559 festum
625 2495 736 2560 Sancti
751 2495 896 2580 Georgii,
915 2495 1002 2580 quod
1024 2495 1059 2559 in
1084 2494 1225 2559 crastino
1248 2494 1325 2559 testi

178 2597 288 2660 Sancti
318 2596 466 2681 Gregorii
496 2597 644 2681 proximo
674 2596 859 2682 precedenti
888 2596 1002 2662 Simon
1032 2607 1066 2662 et
1095 2595 1233 2682 Gwydo,
1267 2596 1325 2660 lilii

177 2697 320 2763 Simonis
334 2700 375 2764 de
388 2700 505 2764 Monte
518 2699 619 2778 Forti,
633 2700 796 2784 quondam
812 2698 951 2764 Comitis
963 2698 1150 2776 Leioestrie,
1159 2699 1327 2764 interiece-

178 2812 251 2864 rant
268 2801 481 2879 Hendricum,
496 2801 600 2865 filium
616 2801 751 2866 Domini
764 2800 905 2880 Ricardi,
920 2800 1018 2886 Regis
1032 2800 1235 2879 Alemannie,
1247 2800 1326 2865 dura

176 2905 282 2968 luerat
295 2903 330 2967 in
344 2904 508 2969 conductu
524 2903 665 2989 Philippi
679 2904 737 2968 filii
753 2904 851 2989 Regis
866 2902 1050 2989 Isodewyci,
1067 2903 1166 2988 Regis
1182 2902 1327 2982 Francie,

179 3006 288 3071 subito
304 3016 337 3071 et
351 3007 529 3092 inopinate,
552 3006 630 3071 dum
656 3006 820 3091 predictus
846 3005 1009 3071 Henricus
1034 3005 1098 3070 fuit
1121 3006 1156 3070 in
1181 3005 1327 3082 ecclesia,

178 3111 287 3173 divina
315 3110 483 3175 audiendis
515 3110 550 3174 in
580 3109 709 3175 civitate
743 3107 891 3195 Vyterby
923 3128 1026 3193 prope
1065 3108 1229 3174 civitatem
1261 3108 1327 3171 llo·

178 3216 318 3258 menam.

267 3363 391 3428 Littera
406 3365 504 3429 misse
525 3362 660 3429 Domini
676 3363 757 3449 Regi
771 3361 963 3427 Alemannie
978 3370 1056 3448 post
1070 3361 1327 3427 interiectionem

311 3465 369 3529 filii
385 3466 446 3530 sui.

225 3602 394 3686 Philippus
418 3600 480 3666 Dei
503 3600 605 3686 grstia
631 3602 828 3665 Francorum
844 3600 927 3679 Rex,
948 3599 1075 3685 egregio
1100 3599 1250 3686 principi,
1272 3599 1330 3665 lsa-

149 3698 157 3710 '
181 3705 309 3769 rissimo
338 3704 577 3788 consanguineo
607 3725 666 3767 suo
696 3713 729 3766 et
757 3702 872 3781 amico,
910 3702 1048 3766 Ricardo
1085 3703 1196 3767 adem
1228 3703 1331 3787 gratia

184 3809 405 3871 Romanorum
421 3818 454 3870 et
468 3806 658 3870 Alemannie
674 3805 756 3889 Regi
771 3804 899 3884 illustri,
914 3816 949 3870 et
964 3804 1086 3869 Comiti
1102 3804 1331 3882 Comubiensi,

183 3912 330 3989 salutem,
345 3922 378 3975 et
393 3911 516 3975 sincere
531 3909 712 3974 dilectionis
734 3909 896 3973 affectum.
939 3908 991 3974 Ad
1017 3919 1123 3974 vestre
1149 3910 1331 3974 serenitatis

184 4016 331 4081 notitiam
344 4014 552 4099 jocundiores
566 4012 704 4078 libenter
715 4012 850 4097 dirigere
865 4036 939 4078 mus
954 4034 1112 4094 rumores,
1122 4013 1150 4079 si
1165 4013 1260 4079 nobis
1274 4035 1331 4079 eos
