3540 4830
507 473 767 519 vrcucoanrusa
794 475 1079 523 uouuosraauu.
1320 467 1361 524 83

199 635 359 690 venerunt
373 625 414 689 ad
430 625 630 690 scaccarium
647 642 753 691 coram
771 627 955 693 Batonibus
979 629 1021 694 de
1042 629 1219 710 Scaccario,
1243 642 1277 697 et
1292 633 1356 697 Co·

201 729 280 791 mite
293 727 501 808 Glouvernie,
521 740 555 793 et
571 730 700 795 Comite
717 729 757 794 de
773 729 956 813 Warewyk,
975 741 1010 795 et
1023 731 1175 797 Johanne
1192 734 1356 815 Maunsel‚

199 840 235 894 et
251 830 395 895 Henricc
418 833 458 895 de
479 832 538 909 Ba,
553 842 587 897 ct
609 831 859 896 Constsbulario
881 825 1003 912 Turris,
1017 844 1050 898 et
1071 835 1141 898 aliia
1159 836 1200 900 de
1219 839 1354 903 consilio

201 934 310 1017 Regis.
367 933 414 997 Et
439 935 562 998 vocatia
589 934 726 1011 Maiore,
753 932 912 998 Nicholao
943 934 1007 999 Bet
1035 946 1069 1001 et
1098 937 1258 1003 Nicholao
1288 941 1355 1004 filio

199 1035 304 1113 dccci,
317 1035 453 1101 Matheo
477 1037 627 1116 Bukerel,
642 1037 664 1101 J
667 1037 795 1099 ohanne
808 1036 971 1100 Tuleshan
987 1048 1021 1101 et
1035 1039 1163 1105 Joanue
1179 1041 1208 1105 le
1228 1043 1353 1120 Minor,

200 1137 283 1200 dixit
293 1137 461 1202 Johannes
472 1139 625 1204 Maunsel
634 1159 742 1203 coram
754 1137 906 1201 omnibus
920 1139 991 1202 aliis
1000 1140 1228 1207 Aldermannis
1241 1155 1274 1209 et
1285 1145 1355 1209 aliis

200 1239 398 1319 hominibus,
433 1240 557 1326 “quod
587 1243 656 1306 Rex
688 1239 835 1324 sequitur
863 1260 976 1304 versus
1005 1241 1095 1326 ipsos
1125 1244 1166 1308 de
1194 1250 1352 1329 gravami-

198 1344 297 1408 nibus
322 1354 356 1408 et
380 1344 506 1428 injuriis
531 1343 624 1409 factis
646 1340 835 1407 hominibus
857 1341 898 1406 de
928 1339 1068 1408 civitate
1098 1347 1189 1410 suast
1234 1349 1353 1414 Postea

198 1446 275 1510 iecit
288 1445 350 1531 legi
365 1468 464 1511 unam
484 1458 609 1532 partem
626 1447 666 1509 de
686 1443 895 1530 inquisitione
917 1445 1072 1530 predicta,
1083 1458 1116 1511 et
1131 1449 1214 1513 dixit
1228 1454 1249 1487 “
1264 1453 1352 1536 quod

199 1570 257 1633 per
289 1548 379 1635 ipsos
405 1560 439 1614 et
471 1550 606 1614 consilia
634 1569 693 1613 sua
721 1556 852 1632 gravata
882 1557 915 1612 et
941 1548 1106 1614 destructa
1134 1562 1186 1615 est
1216 1552 1351 1633 Civitas,

196 1668 292 1722 etex
316 1660 388 1738 hoc,
418 1657 567 1737 maximi,
602 1659 689 1743 quod
721 1678 780 1741 per
814 1656 887 1720 illos
920 1665 1044 1721 mutata
1072 1671 1124 1724 eat
1150 1662 1252 1724 forma
1274 1663 1351 1726 faci·

199 1760 274 1823 endi
300 1761 436 1845 tallagia,
463 1762 537 1846 quia
564 1760 691 1824 rotulus
724 1761 764 1823 de
797 1758 913 1822 ultimo
946 1758 1075 1843 tallagio
1106 1763 1256 1827 nonfuit
1284 1764 1345 1828 lec·

196 1873 251 1926 tus
279 1863 313 1926 in
345 1862 506 1927 Gildhalle
542 1884 650 1926 coram
688 1861 778 1926 omni
807 1861 929 1946 populo
958 1861 997 1925 ad
1036 1863 1098 1927 hoc
1137 1866 1347 1943 summonito,

198 1966 283 2031 siout
305 1977 400 2031 antea
423 1967 491 2031 fieri
518 1965 663 2042 solebat3
689 1964 747 2028 sed
773 1965 884 2027 statim
911 1964 996 2028 facto
1023 1966 1163 2051 tallagio,
1192 1968 1347 2033 licentiati

196 2070 328 2133 fuerunt
339 2091 451 2134 omnes
461 2070 646 2146 talliatores,
656 2067 742 2133 dicto
754 2067 861 2130 rotulo
873 2087 940 2130 non
950 2067 1100 2151 sigillato.
1124 2070 1169 2133 Et
1179 2071 1226 2135 sic
1239 2072 1347 2140 Maior

196 2183 230 2237 et
244 2173 289 2236 illi
305 2181 512 2237 mutaverunt
520 2172 663 2236 rotulum
674 2192 734 2256 pro
743 2171 911 2234 voluntate
924 2171 1031 2235 suaad
1044 2172 1253 2236 commodum
1266 2196 1345 2258 quo·

196 2276 344 2340 rumdam
354 2271 772 2357 etadaliorumjacturam.’'
792 2270 846 2334 Ad
856 2272 943 2354 quod
950 2293 1141 2357 responsum
1149 2274 1220 2352 tuit,
1232 2275 1346 2358 “quod

196 2377 302 2461 aliquo
312 2389 458 2462 tempore
468 2377 592 2440 rotulus
602 2376 642 2439 de
658 2374 785 2457 tallagio
801 2373 926 2438 solebat
937 2374 999 2459 legi
1011 2376 1045 2438 in
1059 2374 1221 2441 Gildhallc
1235 2398 1342 2442 coram

195 2479 284 2543 omni
299 2480 431 2564 populo,
447 2479 504 2542 aed
518 2482 581 2541 hoc
595 2477 752 2541 omissum
767 2476 829 2539 suit
844 2485 922 2540 tunc
936 2477 1093 2564 temporis
1115 2477 1227 2542 decem
1250 2480 1343 2543 annis

195 2581 381 2664 etamplius
397 2579 600 2644 transactis.''
643 2577 800 2656 Tandem,
810 2578 922 2641 multis
938 2578 1176 2663 objectionibus
1191 2602 1248 2664 per
1262 2582 1286 2647 J
1289 2605 1341 2645 us·

194 2684 331 2747 titiarios
345 2684 438 2747 factis
452 2692 486 2746 et
501 2679 765 2766 responsionibus
777 2701 835 2763 per
848 2680 940 2758 elios,
955 2674 1135 2745 defe'ndunt
1149 2683 1211 2768 ipsi
1226 2684 1294 2747 viru
1309 2696 1344 2749 et

194 2785 354 2870 injuriam,
369 2795 402 2849 et
417 2784 505 2870 quod
522 2804 580 2868 per
595 2784 683 2868 ipsos
699 2803 765 2846 non
781 2793 830 2846 est
842 2791 987 2847 mutatus
1001 2786 1119 2847 modus
1138 2786 1293 2861 talliandi‚
1308 2800 1342 2851 et

194 2909 252 2971 per
267 2889 339 2952 illos
354 2888 462 2951 nullus
477 2895 528 2950 est
546 2894 698 2971 gravatus
712 2885 745 2947 in
761 2885 900 2968 tallagio,
912 2907 971 2949 nec
983 2885 1172 2970 deportatus
1184 2911 1194 2965 3
1209 2897 1242 2951 et
1254 2889 1341 2972 quod

193 2989 344 3054 ultimum
355 2989 531 3074 tuiliagium
543 2989 662 3052 iactum
673 2988 735 3052 tuit
750 2988 903 3071 perviroa
918 2989 957 3052 ad
974 2988 1035 3051 hoc
1047 3009 1105 3073 per
1121 3001 1222 3054 totam
1239 2989 1340 3053 Corn·

193 3115 325 3156 munem
341 3093 460 3156 electos
475 3104 509 3155 et
515 3091 652 3174 juratos.
685 3091 788 3174 Cujus
804 3090 934 3175 talliagii
950 3110 1077 3154 summa
1091 3091 1219 3155 redacta
1230 3093 1292 3154 fuit
1307 3093 1340 3156 iu

194 3195 321 3279 scriptis
336 3215 395 3278 per
409 3194 594 3270 talliatores,
606 3213 668 3275 que
684 3194 802 3277 scripta
824 3193 930 3255 adhuc
952 3204 1120 3256 remanent
1140 3214 1240 3277 penes
1257 3193 1339 3256 Wil-

192 3295 449 3359 lielmumfilium
460 3292 707 3371 Ricardi‚unum
717 3294 757 3356 de
767 3294 990 3373 talliatoribus‚
1000 3304 1034 3358 et
1042 3294 1104 3358 hoc
1114 3295 1255 3359 offerunt
1264 3317 1338 3378 pro·

190 3397 267 3460 bare
277 3397 454 3459 secundem
466 3395 553 3478 leges
564 3395 713 3459 Civitatis
729 3395 984 3460 Londoniarum.
1007 3395 1060 3459 Ad
1072 3397 1160 3480 quod
1173 3397 1336 3459 Henricus

190 3500 231 3564 de
247 3498 397 3562 Baluster
410 3495 539 3579 objecit,
554 3498 765 3580 interrogans,
780 3497 807 3561 si
822 3498 885 3582 ipsi
900 3497 1021 3559 velient
1036 3517 1155 3581 ponere
1170 3518 1216 3574 se,
1236 3519 1338 3582 quan·

189 3602 316 3667 turned
332 3600 404 3678 hoc,
420 3600 459 3663 de
475 3598 562 3662 bono
584 3609 617 3661 et
639 3599 734 3673 malo,
758 3619 855 3682 anper
869 3598 939 3661 aliis
955 3598 1085 3663 Wardis
1102 3598 1262 3677 Civitatis,
1277 3622 1336 3685 per

190 3728 269 3791 quas
280 3704 368 3768 nulia
378 3702 545 3787 inquisitio
557 3710 651 3764 autea
661 3701 745 3765 iacta
753 3702 823 3765 fuit.
850 3702 917 3767 Qui
929 3700 1051 3779 dicunt,
1061 3705 1081 3737 “
1091 3700 1178 3788 quod
1189 3701 1229 3766 de
1244 3705 1332 3766 omni

190 3806 443 3892 transgressione
459 3805 505 3869 eis
527 3805 679 3889 imposita
694 3804 809 3867 volunt
821 3803 991 3868 defendere
1003 3824 1037 3867 se
1047 3824 1105 3888 per
1116 3804 1202 3889 leges
1212 3815 1245 3870 et
1256 3827 1333 3869 con·

189 3907 530 3975 suetudinesCivitatis
540 3906 816 3971 Londoniarum.'’
832 3904 877 3970 Et
886 3905 1332 3991 quisituseatperdohannem

189 4012 339 4077 Maunsel
354 4011 395 4075 ab
410 4010 638 4076 Aldermannis
653 4019 687 4075 ct
701 4009 772 4075 aliis
786 4008 922 4086 civibus,
937 4008 1039 4093 qualis
1059 4018 1111 4074 eat
1131 4011 1336 4078 consuetudo

231 4137 344 4179 cauo.
361 4135 434 4180 soc.
1143 4135 1162 4178 r
