3540 4830
498 464 541 520 66
860 472 1021 518 caosres
1046 471 1221 517 usioses
1248 472 1292 515 er

544 627 626 690 Item
643 626 683 689 de
698 625 821 690 clericis
836 636 870 689 et
885 624 973 688 laicis
988 624 1043 707 qui
1059 623 1191 687 elericos
1206 624 1421 707 coptiiaruot.

540 730 591 793 nd
609 730 748 814 primum
775 749 987 811 responsum;
1011 726 1038 788 si
1065 726 1179 809 aliquis
1205 748 1297 807 agere
1320 726 1397 789 velit
1419 723 1656 806 alitereunque,

498 833 579 895 ordo
591 832 674 916 juris
685 831 874 895 observetur
886 831 943 893 sed
954 829 1009 893 ubi
1025 830 1167 894 lactaest
1183 830 1295 913 rapina
1305 828 1448 905 ecclesie,
1459 826 1509 891 rel
1521 825 1654 905 clerieo,

498 935 548 999 ecl
561 935 653 1011 laico,
667 934 717 998 rel
729 934 770 997 sd
780 954 892 996 eorum
906 932 1151 1016 protectionem,
1161 931 1211 995 vel
1224 952 1360 1015 persone
1371 928 1655 1014 ecclesiastieopoe

497 1060 667 1122 personam
683 1036 929 1101 ecclesiasticam
946 1035 996 1097 rel
1012 1034 1136 1109 laicam,
1151 1035 1201 1098 rel
1217 1035 1297 1099 laico
1313 1057 1371 1119 per
1380 1034 1551 1111 clericum
1573 1030 1653 1117 quia

497 1150 586 1203 metu
602 1138 731 1222 majoris
748 1136 879 1220 [reticuli
901 1148 967 1199 tam
983 1133 1188 1199 eeclesiarum
1212 1136 1356 1220 injurias,
1379 1134 1653 1219 quamproprias,

496 1234 1654 1324 postmultasctindefensasrelinquentesinjurias,quss,quousqueult0·

495 1342 571 1406 riori
587 1364 622 1405 se
640 1341 691 1405 uel
708 1363 766 1404 sua
780 1341 1020 1405 committerent
1034 1339 1223 1417 discrimini,
1240 1362 1360 1425 cogens
1374 1339 1525 1404 existimo
1539 1350 1573 1403 et
1588 1338 1653 1403 ins·

496 1446 629 1529 pediens
653 1466 712 1529 pro
738 1443 869 1528 quibus,
886 1443 1069 1528 Episcopus
1092 1444 1125 1507 in
1153 1466 1212 1505 sua
1232 1444 1350 1507 diocesi
1373 1442 1554 1527 superbiis
1578 1440 1650 1509 lieri

495 1549 590 1611 iaciat
616 1548 871 1633 inquisitionem,
895 1547 979 1631 quis,
1003 1569 1022 1608 a
1046 1568 1122 1631 quo,
1142 1546 1231 1630 quid,
1250 1560 1419 1631 quantum,
1442 1558 1476 1609 et
1495 1567 1560 1629 quo
1574 1544 1651 1611 loeo

495 1652 652 1716 uiolenter
670 1651 839 1714 abstulerit
853 1661 886 1714 et
901 1651 1034 1715 domum
1051 1650 1245 1734 spoliaverit,
1260 1662 1305 1725 et,
1320 1648 1505 1714 nominibus
1520 1648 1651 1733 specifi-

494 1754 585 1831 catis,
607 1754 748 1817 citentnr
772 1752 912 1835 legitime
927 1764 960 1815 et
975 1751 1008 1813 in
1029 1752 1121 1813 laetis
1137 1752 1273 1815 notoriis
1288 1762 1321 1813 ct
1337 1750 1525 1825 manifestis,
1541 1750 1650 1815 moni·

495 1857 583 1919 tione
601 1856 770 1941 premissa,
783 1854 838 1917 liat
854 1854 1114 1936 condempnatio.
1161 1853 1199 1916 ln
1212 1853 1346 1917 occultis
1359 1866 1466 1916 autem
1477 1852 1651 1919 inficienti-

494 1958 567 2033 bus,
587 1958 751 2042 judicatur
769 1957 927 2040 purgatio.
974 1955 1017 2018 Et
1032 1956 1107 2038 quia
1123 1956 1299 2018 multitudo
1314 1968 1364 2020 est
1379 1956 1411 2020 in
1427 1979 1535 2033 causa,
1548 1978 1651 2042 espie-

493 2061 552 2135 dit,
569 2074 605 2123 ut
621 2061 729 2136 credo,
744 2060 831 2142 quod
848 2057 1008 2122 seueritati
1026 2058 1259 2141 aliquantulum
1274 2059 1429 2122 tradatur.

535 2162 586 2225 :ld
602 2162 781 2225 secundum
798 2159 1097 2244 responsunt.quoel
1113 2159 1218 2221 elerici
1233 2182 1321 2223 arina
1332 2172 1498 2244 quartantes
1514 2160 1546 2223 in
1572 2162 1649 2245 ipso

491 2262 654 2337 corillictu,
673 2263 698 2323 si
724 2284 764 2325 es
786 2274 876 2345 parte
894 2261 1048 2344 ipsorum,
1065 2260 1118 2343 qui
1131 2260 1290 2343 justitiam
1308 2259 1460 2325 forebant
1475 2274 1508 2325 et
1523 2261 1651 2327 violen-

491 2366 568 2428 tiam
585 2362 792 2448 repellebant,
807 2363 847 2425 ael
873 2374 1002 2446 tempus
1018 2362 1258 2444 suspendantur
1272 2360 1312 2424 ab
1328 2362 1445 2437 officio,
1459 2374 1493 2427 ct
1507 2362 1649 2431 decurso

492 2480 637 2551 tempore
664 2466 927 2550 dispensationis,
942 2464 1069 2549 possint
1091 2465 1130 2526 ad
1152 2464 1293 2527 ollicium
1314 2465 1451 2543 restitui,
1469 2466 1496 2529 si
1517 2466 1648 2533 nullutn

492 2581 600 2631 tonica
623 2568 839 2652 percusserint
855 2567 904 2630 vel
932 2566 1062 2629 leserint
1087 2566 1118 2628 in
1145 2566 1258 2629 eodem
1283 2566 1448 2631 corrtlictu.
1508 2566 1647 2635 Eretriis

491 2672 611 2755 liquere
635 2672 794 2755 poteritis,
810 2670 887 2754 quid
907 2670 946 2732 de
969 2668 1038 2731 aliis
1056 2669 1204 2732 sentiam.
1249 2671 1327 2745 (lui,
1341 2684 1461 2747 autern,
1475 2694 1550 2735 cunr
1571 2696 1648 2759 pre·

491 2773 632 2836 donibus
648 2796 704 2837 seu
718 2772 901 2856 raptoribus
913 2784 1122 2833 cucurrerunt
1131 2785 1164 2834 et
1174 2770 1271 2855 prede
1284 2794 1341 2837 seu
1352 2774 1461 2859 rapine
1471 2776 1647 2861 participes

488 2874 666 2949 extiterint,
681 2872 849 2957 presertim
865 2872 1070 2935 ecclesiarum
1086 2884 1119 2934 et
1134 2872 1434 2949 ceclesiasticorum,
1453 2876 1576 2940 ordinis
1592 2880 1646 2945 sui

487 2976 675 3059 subjaceant
691 2975 842 3058 pericula,
857 2986 889 3038 et
902 2973 1066 3037 beneficiis
1079 2975 1196 3057 privari
1210 2978 1351 3059 poterint
1362 2978 1403 3043 dc
1419 2980 1540 3063 rigore3
1562 3004 1645 3045 eon·

486 3090 536 3142 tra
546 3100 628 3160 quos
645 3098 702 3160 per
714 3076 846 3139 modurn
858 3075 1087 3160 inquisitionis,
1099 3088 1135 3139 ut
1148 3099 1246 3161 supra
1261 3079 1384 3143 dietum
1399 3095 1460 3158 est,
1476 3104 1547 3147 reos
1568 3106 1644 3149 esse

486 3181 736 3266 procedendum.

529 3282 581 3346 Ad
609 3284 740 3346 tertium
764 3302 967 3365 responsum,
993 3281 1078 3365 quod
1107 3305 1180 3345 curn
1209 3285 1429 3347 malefactores
1453 3308 1487 3349 se
1510 3286 1551 3349 ud
1577 3288 1644 3355 alia

486 3385 719 3457 transtulerint,
739 3384 784 3447 ita
803 3385 890 3467 quod
907 3383 1025 3446 ibidem
1041 3385 1210 3447 citationes
1226 3388 1392 3471 pervenire
1408 3410 1472 3451 sion
1490 3405 1644 3473 posunt,

486 3488 613 3573 puplice
630 3500 768 3571 ponatur
786 3488 926 3549 edietum
940 3507 996 3569 per
1014 3486 1224 3571 Episcopum,
1239 3490 1325 3573 quod
1342 3490 1426 3553 idem
1447 3488 1642 3577 Episcopus,

484 3590 580 3653 certis
597 3589 735 3651 termino
750 3600 782 3652 et
805 3588 885 3659 loeo,
910 3610 1006 3672 super
1021 3588 1118 3671 liujus
1150 3592 1270 3674 rapinis
1285 3606 1318 3655 et
1334 3592 1519 3677 raptoribus
1535 3596 1640 3659 sactu·

486 3714 540 3754 rus
562 3704 610 3751 est
624 3691 877 3773 inquisitionem,
889 3706 920 3753 et
938 3693 1147 3755 denuntietur
1162 3695 1325 3769 «sextilibus,
1340 3716 1477 3778 quorunr
1494 3698 1642 3777 interest,

485 3792 571 3877 quod
588 3792 692 3855 eidem
708 3793 858 3855 intersint
871 3796 1081 3877 inquisitioni,
1105 3799 1130 3859 si
1155 3797 1215 3859 sibi
1232 3798 1370 3859 viderint
1385 3797 1546 3883 expedire.
1593 3800 1640 3865 Et

485 3896 539 3977 qui
567 3916 639 3956 reus
663 3896 814 3957 inventus
842 3897 936 3958 luerit
957 3922 1014 3982 per
1032 3902 1229 3987 Episcopum
1258 3900 1330 3975 loci,
1352 3900 1384 3963 in
1412 3900 1640 3991 quodeliqnit‚

483 3996 789 4075 excommuniceter,
803 4008 837 4061 et
862 3998 1074 4069 deniarrdetur
1088 4005 1236 4069 executio
1251 4004 1396 4069 iacienda
1413 4003 1576 4091 Episeoqro
1601 4008 1636 4069 in
