<?xml version="1.0" encoding="UTF-8"?>
<!DOCTYPE html PUBLIC "-//W3C//DTD XHTML 1.0 Transitional//EN"
    "http://www.w3.org/TR/xhtml1/DTD/xhtml1-transitional.dtd">
<html xmlns="http://www.w3.org/1999/xhtml" xml:lang="en" lang="en">
 <head>
  <title>
</title>
<meta http-equiv="Content-Type" content="text/html;charset=utf-8" />
  <meta name='ocr-system' content='tesseract 3.04.00' />
  <meta name='ocr-capabilities' content='ocr_page ocr_carea ocr_par ocr_line ocrx_word'/>
</head>
<body>
  <div class='ocr_page' id='page_1' title='image "./deantiquislegib01fitzgoog_0030.png"; bbox 0 0 3540 4830; ppageno 0'>
   <div class='ocr_carea' id='block_1_1' title="bbox 719 562 1409 628">
    <p class='ocr_par' dir='ltr' id='par_1_1' title="bbox 719 562 1409 628">
     <span class='ocr_line' id='line_1_1' title="bbox 719 562 1409 628; baseline 0.001 -3"><span class='ocrx_word' id='word_1_1' title='bbox 719 582 898 628; x_wconf 74' lang='lat' dir='ltr'>nanrncn.</span> <span class='ocrx_word' id='word_1_2' title='bbox 1331 562 1409 626; x_wconf 82' lang='lat' dir='ltr'>xxiii</span> 
     </span>
    </p>
   </div>
   <div class='ocr_carea' id='block_1_2' title="bbox 208 731 1415 2555">
    <p class='ocr_par' dir='ltr' id='par_1_2' title="bbox 208 731 1415 2555">
     <span class='ocr_line' id='line_1_2' title="bbox 209 731 1412 813; baseline -0.003 -19"><span class='ocrx_word' id='word_1_3' title='bbox 209 737 318 794; x_wconf 90' lang='lat' dir='ltr'>comitis</span> <span class='ocrx_word' id='word_1_4' title='bbox 334 735 440 793; x_wconf 90' lang='lat' dir='ltr'>Derbie</span> <span class='ocrx_word' id='word_1_5' title='bbox 454 743 552 792; x_wconf 77' lang='lat' dir='ltr'>etune</span> <span class='ocrx_word' id='word_1_6' title='bbox 565 734 599 792; x_wconf 93' lang='lat' dir='ltr'>de</span> <span class='ocrx_word' id='word_1_7' title='bbox 613 734 761 792; x_wconf 80' lang='lat' dir='ltr'>heredibus</span> <span class='ocrx_word' id='word_1_8' title='bbox 784 733 939 813; x_wconf 84' lang='lat' dir='ltr'>W(elteri)</span> <span class='ocrx_word' id='word_1_9' title='bbox 961 734 1069 792; x_wconf 89' lang='lat' dir='ltr'>comitis</span> <span class='ocrx_word' id='word_1_10' title='bbox 1085 731 1247 791; x_wconf 87' lang='lat' dir='ltr'>Marescalli</span> <span class='ocrx_word' id='word_1_11' title='bbox 1261 733 1289 789; x_wconf 87' lang='lat' dir='ltr'>xi</span> <span class='ocrx_word' id='word_1_12' title='bbox 1303 752 1412 792; x_wconf 84' lang='lat' dir='ltr'>marcus</span> 
     </span>
     <span class='ocr_line' id='line_1_3' title="bbox 210 829 1414 909; baseline -0.002 -19"><span class='ocrx_word' id='word_1_13' title='bbox 210 855 252 894; x_wconf 78' lang='lat' dir='ltr'>ve.</span> <span class='ocrx_word' id='word_1_14' title='bbox 272 835 348 891; x_wconf 83' lang='lat' dir='ltr'>viiid.</span> <span class='ocrx_word' id='word_1_15' title='bbox 363 832 397 889; x_wconf 99' lang='grc'>(19</span> <span class='ocrx_word' id='word_1_16' title='bbox 418 833 548 908; x_wconf 87' lang='lat' dir='ltr'>porcione</span> <span class='ocrx_word' id='word_1_17' title='bbox 569 834 658 908; x_wconf 88' lang='lat' dir='ltr'>ipsam</span> <span class='ocrx_word' id='word_1_18' title='bbox 679 834 857 909; x_wconf 68' lang='lat' dir='ltr'>contingente</span> <span class='ocrx_word' id='word_1_19' title='bbox 878 832 911 890; x_wconf 91' lang='lat' dir='ltr'>de</span> <span class='ocrx_word' id='word_1_20' title='bbox 926 833 1048 890; x_wconf 88' lang='lat' dir='ltr'>denariis</span> <span class='ocrx_word' id='word_1_21' title='bbox 1074 831 1161 907; x_wconf 89' lang='lat' dir='ltr'>Regis</span> <span class='ocrx_word' id='word_1_22' title='bbox 1184 830 1282 888; x_wconf 90' lang='lat' dir='ltr'>debitis</span> <span class='ocrx_word' id='word_1_23' title='bbox 1306 829 1339 887; x_wconf 92' lang='lat' dir='ltr'>de</span> <span class='ocrx_word' id='word_1_24' title='bbox 1363 849 1414 888; x_wconf 86' lang='grc'>99.</span> 
     </span>
     <span class='ocr_line' id='line_1_4' title="bbox 208 926 1413 1006; baseline -0.002 -19"><span class='ocrx_word' id='word_1_25' title='bbox 208 932 309 987; x_wconf 90' lang='lat' dir='ltr'>marcis</span> <span class='ocrx_word' id='word_1_26' title='bbox 323 949 393 1006; x_wconf 85' lang='lat' dir='ltr'>quas</span> <span class='ocrx_word' id='word_1_27' title='bbox 409 930 472 986; x_wconf 85' lang='lat' dir='ltr'>Rex</span> <span class='ocrx_word' id='word_1_28' title='bbox 487 929 570 986; x_wconf 88' lang='lat' dir='ltr'>solvit</span> <span class='ocrx_word' id='word_1_29' title='bbox 590 949 639 1006; x_wconf 89' lang='lat' dir='ltr'>per</span> <span class='ocrx_word' id='word_1_30' title='bbox 660 949 765 986; x_wconf 90' lang='lat' dir='ltr'>anuum</span> <span class='ocrx_word' id='word_1_31' title='bbox 779 930 815 986; x_wconf 90' lang='lat' dir='ltr'>ad</span> <span class='ocrx_word' id='word_1_32' title='bbox 841 929 1017 988; x_wconf 77' lang='lat' dir='ltr'><strong>scaccarium</strong></span> <span class='ocrx_word' id='word_1_33' title='bbox 1042 927 1254 1005; x_wconf 89' lang='lat' dir='ltr'>proheredibus</span> <span class='ocrx_word' id='word_1_34' title='bbox 1270 926 1413 986; x_wconf 88' lang='lat' dir='ltr'><strong>Comitum</strong></span> 
     </span>
     <span class='ocr_line' id='line_1_5' title="bbox 211 1024 1412 1085; baseline -0.002 -1"><span class='ocrx_word' id='word_1_35' title='bbox 211 1026 442 1084; x_wconf 79' lang='lat' dir='ltr'>Marescollorum</span> <span class='ocrx_word' id='word_1_36' title='bbox 458 1026 566 1085; x_wconf 86' lang='lat' dir='ltr'>Simoni</span> <span class='ocrx_word' id='word_1_37' title='bbox 586 1027 620 1084; x_wconf 95' lang='lat' dir='ltr'>de</span> <span class='ocrx_word' id='word_1_38' title='bbox 645 1027 812 1084; x_wconf 84' lang='lat' dir='ltr'>Monteforti</span> <span class='ocrx_word' id='word_1_39' title='bbox 836 1027 929 1084; x_wconf 92' lang='lat' dir='ltr'>comiti</span> <span class='ocrx_word' id='word_1_40' title='bbox 954 1026 1105 1083; x_wconf 87' lang='lat' dir='ltr'>Leicestrie</span> <span class='ocrx_word' id='word_1_41' title='bbox 1129 1034 1158 1082; x_wconf 89' lang='lat' dir='ltr'>et</span> <span class='ocrx_word' id='word_1_42' title='bbox 1173 1025 1308 1082; x_wconf 83' lang='lat' dir='ltr'>Aliauore</span> <span class='ocrx_word' id='word_1_43' title='bbox 1333 1024 1412 1081; x_wconf 88' lang='lat' dir='ltr'>uxori</span> 
     </span>
     <span class='ocr_line' id='line_1_6' title="bbox 211 1120 1412 1198; baseline -0.003 -18"><span class='ocrx_word' id='word_1_44' title='bbox 211 1144 259 1183; x_wconf 92' lang='lat' dir='ltr'>sue</span> <span class='ocrx_word' id='word_1_45' title='bbox 273 1124 362 1181; x_wconf 91' lang='lat' dir='ltr'>sorori</span> <span class='ocrx_word' id='word_1_46' title='bbox 378 1123 466 1198; x_wconf 87' lang='lat' dir='ltr'>Regis</span> <span class='ocrx_word' id='word_1_47' title='bbox 480 1142 533 1198; x_wconf 92' lang='lat' dir='ltr'>pro</span> <span class='ocrx_word' id='word_1_48' title='bbox 547 1122 611 1179; x_wconf 89' lang='lat' dir='ltr'>dote</span> <span class='ocrx_word' id='word_1_49' title='bbox 626 1122 723 1179; x_wconf 89' lang='lat' dir='ltr'>suade</span> <span class='ocrx_word' id='word_1_50' title='bbox 738 1123 818 1179; x_wconf 87' lang='lat' dir='ltr'>terris</span> <span class='ocrx_word' id='word_1_51' title='bbox 833 1142 887 1198; x_wconf 95' lang='lat' dir='ltr'>que</span> <span class='ocrx_word' id='word_1_52' title='bbox 900 1123 1014 1179; x_wconf 88' lang='lat' dir='ltr'>fuerunt</span> <span class='ocrx_word' id='word_1_53' title='bbox 1028 1121 1162 1179; x_wconf 89' lang='lat' dir='ltr'>Willelmi</span> <span class='ocrx_word' id='word_1_54' title='bbox 1177 1122 1286 1178; x_wconf 90' lang='lat' dir='ltr'>comitis</span> <span class='ocrx_word' id='word_1_55' title='bbox 1301 1120 1412 1177; x_wconf 89' lang='lat' dir='ltr'>Mares·</span> 
     </span>
     <span class='ocr_line' id='line_1_7' title="bbox 209 1216 1413 1296; baseline -0.004 -18"><span class='ocrx_word' id='word_1_56' title='bbox 209 1222 282 1288; x_wconf 86' lang='lat' dir='ltr'>calli,</span> <span class='ocrx_word' id='word_1_57' title='bbox 297 1219 437 1296; x_wconf 80' lang='lat' dir='ltr'>quondam</span> <span class='ocrx_word' id='word_1_58' title='bbox 452 1219 505 1275; x_wconf 86' lang='lat' dir='ltr'>viri</span> <span class='ocrx_word' id='word_1_59' title='bbox 519 1220 571 1286; x_wconf 86' lang='lat' dir='ltr'>sui,</span> <span class='ocrx_word' id='word_1_60' title='bbox 585 1220 614 1275; x_wconf 96' lang='lat' dir='ltr'>in</span> <span class='ocrx_word' id='word_1_61' title='bbox 630 1219 761 1284; x_wconf 86' lang='lat' dir='ltr'>Ybernia,</span> <span class='ocrx_word' id='word_1_62' title='bbox 777 1221 849 1277; x_wconf 90' lang='lat' dir='ltr'>sicut</span> <span class='ocrx_word' id='word_1_63' title='bbox 862 1221 1020 1277; x_wconf 86' lang='lat' dir='ltr'>continetur</span> <span class='ocrx_word' id='word_1_64' title='bbox 1033 1220 1061 1277; x_wconf 94' lang='lat' dir='ltr'>in</span> <span class='ocrx_word' id='word_1_65' title='bbox 1076 1218 1262 1277; x_wconf 77' lang='lat' dir='ltr'>memorandis</span> <span class='ocrx_word' id='word_1_66' title='bbox 1276 1218 1341 1275; x_wconf 88' lang='lat' dir='ltr'>anni</span> <span class='ocrx_word' id='word_1_67' title='bbox 1355 1216 1413 1273; x_wconf 85' lang='lat' dir='ltr'><strong>xlv.</strong></span> 
     </span>
     <span class='ocr_line' id='line_1_8' title="bbox 210 1315 1414 1393; baseline -0.002 -19"><span class='ocrx_word' id='word_1_68' title='bbox 210 1317 250 1375; x_wconf 89' lang='lat' dir='ltr'>Et</span> <span class='ocrx_word' id='word_1_69' title='bbox 262 1317 372 1391; x_wconf 81' lang='lat' dir='ltr'>cxxxvij</span> <span class='ocrx_word' id='word_1_70' title='bbox 388 1335 495 1373; x_wconf 83' lang='lat' dir='ltr'>marcas</span> <span class='ocrx_word' id='word_1_71' title='bbox 509 1316 565 1372; x_wconf 83' lang='lat' dir='ltr'>xxii</span> <span class='ocrx_word' id='word_1_72' title='bbox 579 1316 709 1374; x_wconf 84' lang='lat' dir='ltr'>denarios</span> <span class='ocrx_word' id='word_1_73' title='bbox 720 1316 753 1372; x_wconf 91' lang='lat' dir='ltr'>de</span> <span class='ocrx_word' id='word_1_74' title='bbox 768 1316 804 1372; x_wconf 83' lang='lat' dir='ltr'>xii</span> <span class='ocrx_word' id='word_1_75' title='bbox 818 1317 898 1373; x_wconf 90' lang='lat' dir='ltr'>annis</span> <span class='ocrx_word' id='word_1_76' title='bbox 912 1315 1245 1393; x_wconf 74' lang='lat' dir='ltr'>preteritis-sumerset</span> <span class='ocrx_word' id='word_1_77' title='bbox 1255 1324 1284 1372; x_wconf 90' lang='lat' dir='ltr'>et</span> <span class='ocrx_word' id='word_1_78' title='bbox 1298 1315 1414 1372; x_wconf 91' lang='lat' dir='ltr'>Dorset.</span> 
     </span>
     <span class='ocr_line' id='line_1_9' title="bbox 211 1411 1414 1490; baseline -0.002 -20"><span class='ocrx_word' id='word_1_79' title='bbox 211 1413 303 1470; x_wconf 88' lang='lat' dir='ltr'>Heres</span> <span class='ocrx_word' id='word_1_80' title='bbox 318 1413 437 1469; x_wconf 87' lang='lat' dir='ltr'>lsabelle</span> <span class='ocrx_word' id='word_1_81' title='bbox 451 1412 485 1469; x_wconf 93' lang='lat' dir='ltr'>de</span> <span class='ocrx_word' id='word_1_82' title='bbox 500 1412 645 1480; x_wconf 87' lang='lat' dir='ltr'>Ferrariis,</span> <span class='ocrx_word' id='word_1_83' title='bbox 666 1432 720 1488; x_wconf 88' lang='lat' dir='ltr'>que</span> <span class='ocrx_word' id='word_1_84' title='bbox 740 1413 796 1470; x_wconf 88' lang='lat' dir='ltr'>fuit</span> <span class='ocrx_word' id='word_1_85' title='bbox 808 1415 903 1471; x_wconf 85' lang='lat' dir='ltr'>uxoris</span> <span class='ocrx_word' id='word_1_86' title='bbox 919 1413 1069 1490; x_wconf 85' lang='lat' dir='ltr'>Reginaldi</span> <span class='ocrx_word' id='word_1_87' title='bbox 1082 1413 1117 1469; x_wconf 94' lang='lat' dir='ltr'>de</span> <span class='ocrx_word' id='word_1_88' title='bbox 1133 1413 1254 1478; x_wconf 88' lang='lat' dir='ltr'>Mohun‚</span> <span class='ocrx_word' id='word_1_89' title='bbox 1268 1421 1296 1468; x_wconf 90' lang='lat' dir='ltr'>et</span> <span class='ocrx_word' id='word_1_90' title='bbox 1310 1430 1366 1468; x_wconf 88' lang='lat' dir='ltr'>una</span> <span class='ocrx_word' id='word_1_91' title='bbox 1380 1411 1414 1468; x_wconf 92' lang='lat' dir='ltr'>de</span> 
     </span>
     <span class='ocr_line' id='line_1_10' title="bbox 209 1506 1411 1588; baseline -0.002 -22"><span class='ocrx_word' id='word_1_92' title='bbox 209 1509 357 1567; x_wconf 85' lang='lat' dir='ltr'>heredibus</span> <span class='ocrx_word' id='word_1_93' title='bbox 372 1509 527 1588; x_wconf 82' lang='lat' dir='ltr'>W(alteri)</span> <span class='ocrx_word' id='word_1_94' title='bbox 549 1510 658 1567; x_wconf 88' lang='lat' dir='ltr'>comitis</span> <span class='ocrx_word' id='word_1_95' title='bbox 684 1510 847 1567; x_wconf 84' lang='lat' dir='ltr'>Marescalli</span> <span class='ocrx_word' id='word_1_96' title='bbox 872 1511 899 1567; x_wconf 79' lang='lat' dir='ltr'>ri</span> <span class='ocrx_word' id='word_1_97' title='bbox 912 1529 1021 1567; x_wconf 89' lang='lat' dir='ltr'>marcas</span> <span class='ocrx_word' id='word_1_98' title='bbox 1036 1509 1084 1588; x_wconf 87' lang='lat' dir='ltr'>(ut</span> <span class='ocrx_word' id='word_1_99' title='bbox 1099 1506 1208 1586; x_wconf 80' lang='lat' dir='ltr'>supra).</span> <span class='ocrx_word' id='word_1_100' title='bbox 1248 1509 1288 1566; x_wconf 90' lang='lat' dir='ltr'>Et</span> <span class='ocrx_word' id='word_1_101' title='bbox 1301 1508 1411 1583; x_wconf 83' lang='lat' dir='ltr'>cxxxrij</span> 
     </span>
     <span class='ocr_line' id='line_1_11' title="bbox 210 1605 1414 1683; baseline -0.002 -18"><span class='ocrx_word' id='word_1_102' title='bbox 210 1627 319 1665; x_wconf 80' lang='lat' dir='ltr'>marcos</span> <span class='ocrx_word' id='word_1_103' title='bbox 338 1608 395 1663; x_wconf 84' lang='lat' dir='ltr'>xxii</span> <span class='ocrx_word' id='word_1_104' title='bbox 410 1605 540 1663; x_wconf 87' lang='lat' dir='ltr'>denarios</span> <span class='ocrx_word' id='word_1_105' title='bbox 565 1606 599 1663; x_wconf 91' lang='lat' dir='ltr'>de</span> <span class='ocrx_word' id='word_1_106' title='bbox 623 1608 661 1663; x_wconf 84' lang='lat' dir='ltr'>xii</span> <span class='ocrx_word' id='word_1_107' title='bbox 685 1607 765 1663; x_wconf 89' lang='lat' dir='ltr'>annis</span> <span class='ocrx_word' id='word_1_108' title='bbox 790 1608 929 1682; x_wconf 87' lang='lat' dir='ltr'>preteritis</span> <span class='ocrx_word' id='word_1_109' title='bbox 953 1607 1065 1683; x_wconf 85' lang='lat' dir='ltr'>quando</span> <span class='ocrx_word' id='word_1_110' title='bbox 1091 1606 1154 1664; x_wconf 85' lang='lat' dir='ltr'>Rex</span> <span class='ocrx_word' id='word_1_111' title='bbox 1175 1606 1278 1681; x_wconf 84' lang='lat' dir='ltr'>incepit</span> <span class='ocrx_word' id='word_1_112' title='bbox 1300 1605 1414 1662; x_wconf 84' lang='lat' dir='ltr'>reddere</span> 
     </span>
     <span class='ocr_line' id='line_1_12' title="bbox 210 1702 1414 1780; baseline -0.002 -19"><span class='ocrx_word' id='word_1_113' title='bbox 210 1705 349 1780; x_wconf 88' lang='lat' dir='ltr'>predictos</span> <span class='ocrx_word' id='word_1_114' title='bbox 363 1703 491 1760; x_wconf 90' lang='lat' dir='ltr'>denarios</span> <span class='ocrx_word' id='word_1_115' title='bbox 505 1703 541 1760; x_wconf 84' lang='lat' dir='ltr'>ad</span> <span class='ocrx_word' id='word_1_116' title='bbox 550 1703 669 1770; x_wconf 78' lang='lat' dir='ltr'>Pascha,</span> <span class='ocrx_word' id='word_1_117' title='bbox 683 1722 757 1760; x_wconf 90' lang='lat' dir='ltr'>anno</span> <span class='ocrx_word' id='word_1_118' title='bbox 771 1703 1039 1763; x_wconf 80' lang='lat' dir='ltr'>xxxii-Sussexia.</span> <span class='ocrx_word' id='word_1_119' title='bbox 1080 1702 1246 1761; x_wconf 88' lang='lat' dir='ltr'>Franciscus</span> <span class='ocrx_word' id='word_1_120' title='bbox 1261 1703 1296 1759; x_wconf 92' lang='lat' dir='ltr'>de</span> <span class='ocrx_word' id='word_1_121' title='bbox 1311 1702 1414 1759; x_wconf 88' lang='lat' dir='ltr'>Bohun</span> 
     </span>
     <span class='ocr_line' id='line_1_13' title="bbox 210 1799 1414 1879; baseline -0.002 -20"><span class='ocrx_word' id='word_1_122' title='bbox 210 1812 240 1859; x_wconf 91' lang='lat' dir='ltr'>et</span> <span class='ocrx_word' id='word_1_123' title='bbox 255 1802 354 1860; x_wconf 86' lang='lat' dir='ltr'>Sibills</span> <span class='ocrx_word' id='word_1_124' title='bbox 367 1802 402 1858; x_wconf 93' lang='lat' dir='ltr'>de</span> <span class='ocrx_word' id='word_1_125' title='bbox 418 1801 552 1859; x_wconf 90' lang='lat' dir='ltr'>Ferrariis</span> <span class='ocrx_word' id='word_1_126' title='bbox 566 1821 637 1859; x_wconf 88' lang='lat' dir='ltr'>uxor</span> <span class='ocrx_word' id='word_1_127' title='bbox 649 1803 713 1877; x_wconf 90' lang='lat' dir='ltr'>ejus</span> <span class='ocrx_word' id='word_1_128' title='bbox 728 1821 784 1858; x_wconf 90' lang='lat' dir='ltr'>una</span> <span class='ocrx_word' id='word_1_129' title='bbox 798 1802 832 1859; x_wconf 89' lang='lat' dir='ltr'>de</span> <span class='ocrx_word' id='word_1_130' title='bbox 846 1801 995 1858; x_wconf 78' lang='lat' dir='ltr'>heredibus</span> <span class='ocrx_word' id='word_1_131' title='bbox 1012 1800 1167 1879; x_wconf 83' lang='lat' dir='ltr'>W(alteri)</span> <span class='ocrx_word' id='word_1_132' title='bbox 1178 1801 1287 1857; x_wconf 89' lang='lat' dir='ltr'>comitis</span> <span class='ocrx_word' id='word_1_133' title='bbox 1304 1799 1414 1857; x_wconf 86' lang='lat' dir='ltr'>Mares·</span> 
     </span>
     <span class='ocr_line' id='line_1_14' title="bbox 212 1881 1415 1977; baseline -0.001 -21"><span class='ocrx_word' id='word_1_134' title='bbox 212 1899 276 1956; x_wconf 88' lang='lat' dir='ltr'>calli</span> <span class='ocrx_word' id='word_1_135' title='bbox 290 1901 318 1955; x_wconf 84' lang='lat' dir='ltr'>xi</span> <span class='ocrx_word' id='word_1_136' title='bbox 332 1918 441 1955; x_wconf 89' lang='lat' dir='ltr'>marcas</span> <span class='ocrx_word' id='word_1_137' title='bbox 455 1901 503 1976; x_wconf 90' lang='lat' dir='ltr'>(ut</span> <span class='ocrx_word' id='word_1_138' title='bbox 520 1898 817 1977; x_wconf 84' lang='lat' dir='ltr'>supra.)-Sumerset</span> <span class='ocrx_word' id='word_1_139' title='bbox 830 1907 859 1955; x_wconf 92' lang='lat' dir='ltr'>et</span> <span class='ocrx_word' id='word_1_140' title='bbox 873 1898 989 1955; x_wconf 90' lang='lat' dir='ltr'>Dorset.</span> <span class='ocrx_word' id='word_1_141' title='bbox 1030 1897 1173 1956; x_wconf 87' lang='lat' dir='ltr'>Robertua</span> <span class='ocrx_word' id='word_1_142' title='bbox 1184 1881 1222 1953; x_wconf 23' lang='lat' dir='ltr'>&#39;de</span> <span class='ocrx_word' id='word_1_143' title='bbox 1238 1897 1372 1973; x_wconf 84' lang='lat' dir='ltr'>Aguylon</span> <span class='ocrx_word' id='word_1_144' title='bbox 1386 1905 1415 1955; x_wconf 86' lang='lat' dir='ltr'>et</span> 
     </span>
     <span class='ocr_line' id='line_1_15' title="bbox 212 1992 1414 2072; baseline -0.005 -18"><span class='ocrx_word' id='word_1_145' title='bbox 212 1994 345 2055; x_wconf 84' lang='lat' dir='ltr'>Johanna</span> <span class='ocrx_word' id='word_1_146' title='bbox 358 2014 429 2051; x_wconf 82' lang='lat' dir='ltr'>uror</span> <span class='ocrx_word' id='word_1_147' title='bbox 439 1996 500 2070; x_wconf 86' lang='lat' dir='ltr'>ejus</span> <span class='ocrx_word' id='word_1_148' title='bbox 514 2015 570 2052; x_wconf 89' lang='lat' dir='ltr'>una</span> <span class='ocrx_word' id='word_1_149' title='bbox 583 1995 617 2052; x_wconf 89' lang='lat' dir='ltr'>de</span> <span class='ocrx_word' id='word_1_150' title='bbox 632 1995 779 2052; x_wconf 86' lang='lat' dir='ltr'>heredibus</span> <span class='ocrx_word' id='word_1_151' title='bbox 800 1993 951 2072; x_wconf 85' lang='lat' dir='ltr'>W(alteri)</span> <span class='ocrx_word' id='word_1_152' title='bbox 964 1995 1073 2052; x_wconf 86' lang='lat' dir='ltr'>comitis</span> <span class='ocrx_word' id='word_1_153' title='bbox 1089 1993 1250 2051; x_wconf 87' lang='lat' dir='ltr'>Marescalli</span> <span class='ocrx_word' id='word_1_154' title='bbox 1265 1992 1292 2048; x_wconf 80' lang='lat' dir='ltr'>xi</span> <span class='ocrx_word' id='word_1_155' title='bbox 1306 2012 1414 2049; x_wconf 90' lang='lat' dir='ltr'>marcas</span> 
     </span>
     <span class='ocr_line' id='line_1_16' title="bbox 212 2089 1413 2168; baseline -0.002 -21"><span class='ocrx_word' id='word_1_156' title='bbox 212 2112 230 2147; x_wconf 86' lang='lat' dir='ltr'>v</span> <span class='ocrx_word' id='word_1_157' title='bbox 245 2091 348 2149; x_wconf 88' lang='lat' dir='ltr'>solidos</span> <span class='ocrx_word' id='word_1_158' title='bbox 363 2093 411 2149; x_wconf 89' lang='lat' dir='ltr'>viii</span> <span class='ocrx_word' id='word_1_159' title='bbox 423 2093 548 2150; x_wconf 90' lang='lat' dir='ltr'>denarios</span> <span class='ocrx_word' id='word_1_160' title='bbox 559 2093 593 2149; x_wconf 93' lang='lat' dir='ltr'>de</span> <span class='ocrx_word' id='word_1_161' title='bbox 604 2092 734 2168; x_wconf 90' lang='lat' dir='ltr'>porcione</span> <span class='ocrx_word' id='word_1_162' title='bbox 744 2092 832 2167; x_wconf 91' lang='lat' dir='ltr'>ipsam</span> <span class='ocrx_word' id='word_1_163' title='bbox 846 2093 1023 2167; x_wconf 80' lang='lat' dir='ltr'>contingente</span> <span class='ocrx_word' id='word_1_164' title='bbox 1037 2090 1071 2148; x_wconf 92' lang='lat' dir='ltr'>de</span> <span class='ocrx_word' id='word_1_165' title='bbox 1080 2091 1199 2147; x_wconf 81' lang='lat' dir='ltr'>denariis</span> <span class='ocrx_word' id='word_1_166' title='bbox 1211 2089 1300 2165; x_wconf 89' lang='lat' dir='ltr'>Regis</span> <span class='ocrx_word' id='word_1_167' title='bbox 1314 2089 1413 2146; x_wconf 91' lang='lat' dir='ltr'>debitis</span> 
     </span>
     <span class='ocr_line' id='line_1_17' title="bbox 212 2184 1413 2264; baseline -0.002 -20"><span class='ocrx_word' id='word_1_168' title='bbox 212 2187 247 2243; x_wconf 90' lang='lat' dir='ltr'>de</span> <span class='ocrx_word' id='word_1_169' title='bbox 262 2207 311 2245; x_wconf 87' lang='lat' dir='ltr'>nc.</span> <span class='ocrx_word' id='word_1_170' title='bbox 326 2189 426 2244; x_wconf 86' lang='lat' dir='ltr'>marcis</span> <span class='ocrx_word' id='word_1_171' title='bbox 441 2208 510 2264; x_wconf 90' lang='lat' dir='ltr'>quas</span> <span class='ocrx_word' id='word_1_172' title='bbox 535 2188 596 2246; x_wconf 84' lang='lat' dir='ltr'>Rex</span> <span class='ocrx_word' id='word_1_173' title='bbox 621 2187 704 2245; x_wconf 87' lang='lat' dir='ltr'>solvit</span> <span class='ocrx_word' id='word_1_174' title='bbox 728 2207 777 2263; x_wconf 89' lang='lat' dir='ltr'>per</span> <span class='ocrx_word' id='word_1_175' title='bbox 800 2205 903 2244; x_wconf 88' lang='lat' dir='ltr'>annum</span> <span class='ocrx_word' id='word_1_176' title='bbox 928 2186 964 2243; x_wconf 92' lang='lat' dir='ltr'>ad</span> <span class='ocrx_word' id='word_1_177' title='bbox 989 2185 1165 2244; x_wconf 81' lang='lat' dir='ltr'>Scaccarium</span> <span class='ocrx_word' id='word_1_178' title='bbox 1189 2204 1240 2260; x_wconf 91' lang='lat' dir='ltr'>pro</span> <span class='ocrx_word' id='word_1_179' title='bbox 1264 2184 1413 2242; x_wconf 86' lang='lat' dir='ltr'>heredibus</span> 
     </span>
     <span class='ocr_line' id='line_1_18' title="bbox 213 2283 1414 2345; baseline -0.003 -1"><span class='ocrx_word' id='word_1_180' title='bbox 213 2286 353 2344; x_wconf 86' lang='lat' dir='ltr'>Comitum</span> <span class='ocrx_word' id='word_1_181' title='bbox 372 2286 602 2343; x_wconf 85' lang='lat' dir='ltr'>Marescallorum</span> <span class='ocrx_word' id='word_1_182' title='bbox 618 2285 724 2345; x_wconf 89' lang='lat' dir='ltr'>Simoni</span> <span class='ocrx_word' id='word_1_183' title='bbox 739 2285 773 2342; x_wconf 92' lang='lat' dir='ltr'>de</span> <span class='ocrx_word' id='word_1_184' title='bbox 789 2285 956 2342; x_wconf 85' lang='lat' dir='ltr'>Monteforti</span> <span class='ocrx_word' id='word_1_185' title='bbox 966 2285 1061 2341; x_wconf 90' lang='lat' dir='ltr'>comiti</span> <span class='ocrx_word' id='word_1_186' title='bbox 1076 2284 1227 2341; x_wconf 86' lang='lat' dir='ltr'>Leioeatrie</span> <span class='ocrx_word' id='word_1_187' title='bbox 1237 2293 1266 2339; x_wconf 93' lang='lat' dir='ltr'>et</span> <span class='ocrx_word' id='word_1_188' title='bbox 1281 2283 1414 2340; x_wconf 81' lang='lat' dir='ltr'>Alienore</span> 
     </span>
     <span class='ocr_line' id='line_1_19' title="bbox 211 2379 1413 2459; baseline -0.002 -21"><span class='ocrx_word' id='word_1_189' title='bbox 211 2383 299 2439; x_wconf 89' lang='lat' dir='ltr'>sorori</span> <span class='ocrx_word' id='word_1_190' title='bbox 315 2383 402 2459; x_wconf 88' lang='lat' dir='ltr'>Regis</span> <span class='ocrx_word' id='word_1_191' title='bbox 416 2403 467 2458; x_wconf 92' lang='lat' dir='ltr'>pro</span> <span class='ocrx_word' id='word_1_192' title='bbox 481 2383 545 2440; x_wconf 82' lang='lat' dir='ltr'>dote</span> <span class='ocrx_word' id='word_1_193' title='bbox 560 2403 611 2440; x_wconf 89' lang='lat' dir='ltr'>sua</span> <span class='ocrx_word' id='word_1_194' title='bbox 628 2383 662 2440; x_wconf 91' lang='grc'>(19</span> <span class='ocrx_word' id='word_1_195' title='bbox 686 2384 769 2440; x_wconf 87' lang='lat' dir='ltr'>terris</span> <span class='ocrx_word' id='word_1_196' title='bbox 791 2401 846 2457; x_wconf 91' lang='lat' dir='ltr'>que</span> <span class='ocrx_word' id='word_1_197' title='bbox 868 2383 982 2439; x_wconf 87' lang='lat' dir='ltr'>fuerunt</span> <span class='ocrx_word' id='word_1_198' title='bbox 1005 2381 1142 2439; x_wconf 88' lang='lat' dir='ltr'>Willelmi</span> <span class='ocrx_word' id='word_1_199' title='bbox 1165 2380 1275 2437; x_wconf 90' lang='lat' dir='ltr'>comitis</span> <span class='ocrx_word' id='word_1_200' title='bbox 1303 2379 1413 2436; x_wconf 82' lang='lat' dir='ltr'>Mares·</span> 
     </span>
     <span class='ocr_line' id='line_1_20' title="bbox 212 2476 1412 2555; baseline -0.003 -21"><span class='ocrx_word' id='word_1_201' title='bbox 212 2478 285 2547; x_wconf 88' lang='lat' dir='ltr'>calli,</span> <span class='ocrx_word' id='word_1_202' title='bbox 296 2480 436 2555; x_wconf 88' lang='lat' dir='ltr'>quondam</span> <span class='ocrx_word' id='word_1_203' title='bbox 447 2481 502 2537; x_wconf 86' lang='lat' dir='ltr'>viri</span> <span class='ocrx_word' id='word_1_204' title='bbox 513 2481 564 2547; x_wconf 93' lang='lat' dir='ltr'>sui,</span> <span class='ocrx_word' id='word_1_205' title='bbox 575 2481 604 2537; x_wconf 91' lang='lat' dir='ltr'>in</span> <span class='ocrx_word' id='word_1_206' title='bbox 630 2479 762 2547; x_wconf 81' lang='lat' dir='ltr'>Ybernia,</span> <span class='ocrx_word' id='word_1_207' title='bbox 773 2480 845 2536; x_wconf 90' lang='lat' dir='ltr'>sicut</span> <span class='ocrx_word' id='word_1_208' title='bbox 858 2478 1014 2535; x_wconf 87' lang='lat' dir='ltr'>continetur</span> <span class='ocrx_word' id='word_1_209' title='bbox 1025 2479 1053 2533; x_wconf 90' lang='lat' dir='ltr'>in</span> <span class='ocrx_word' id='word_1_210' title='bbox 1067 2476 1252 2534; x_wconf 79' lang='lat' dir='ltr'>memorandis</span> <span class='ocrx_word' id='word_1_211' title='bbox 1267 2495 1341 2532; x_wconf 88' lang='lat' dir='ltr'>anno</span> <span class='ocrx_word' id='word_1_212' title='bbox 1355 2476 1412 2532; x_wconf 84' lang='lat' dir='ltr'>xlv.</span> 
     </span>
    </p>
   </div>
   <div class='ocr_carea' id='block_1_3' title="bbox 211 2571 1411 2652">
    <p class='ocr_par' dir='ltr' id='par_1_3' title="bbox 211 2571 1411 2652">
     <span class='ocr_line' id='line_1_21' title="bbox 211 2571 1411 2652; baseline -0.004 -20"><span class='ocrx_word' id='word_1_213' title='bbox 211 2575 250 2632; x_wconf 90' lang='lat' dir='ltr'>Et</span> <span class='ocrx_word' id='word_1_214' title='bbox 258 2577 367 2652; x_wconf 86' lang='lat' dir='ltr'>cxxxrij</span> <span class='ocrx_word' id='word_1_215' title='bbox 383 2595 491 2633; x_wconf 84' lang='lat' dir='ltr'>marcas</span> <span class='ocrx_word' id='word_1_216' title='bbox 505 2577 561 2632; x_wconf 83' lang='lat' dir='ltr'>xxii</span> <span class='ocrx_word' id='word_1_217' title='bbox 575 2576 703 2632; x_wconf 88' lang='lat' dir='ltr'>denarios</span> <span class='ocrx_word' id='word_1_218' title='bbox 717 2575 751 2631; x_wconf 92' lang='lat' dir='ltr'>de</span> <span class='ocrx_word' id='word_1_219' title='bbox 762 2575 800 2631; x_wconf 85' lang='lat' dir='ltr'>rii</span> <span class='ocrx_word' id='word_1_220' title='bbox 813 2576 894 2632; x_wconf 91' lang='lat' dir='ltr'>annis</span> <span class='ocrx_word' id='word_1_221' title='bbox 909 2571 1251 2650; x_wconf 86' lang='lat' dir='ltr'>preteritia.-Warwich&#39;</span> <span class='ocrx_word' id='word_1_222' title='bbox 1262 2581 1290 2628; x_wconf 92' lang='lat' dir='ltr'>et</span> <span class='ocrx_word' id='word_1_223' title='bbox 1304 2571 1411 2647; x_wconf 74' lang='lat' dir='ltr'>legre-</span> 
     </span>
    </p>
   </div>
   <div class='ocr_carea' id='block_1_4' title="bbox 212 2670 1413 2825">
    <p class='ocr_par' dir='ltr' id='par_1_4' title="bbox 212 2670 1413 2825">
     <span class='ocr_line' id='line_1_22' title="bbox 213 2670 1412 2750; baseline -0.003 -21"><span class='ocrx_word' id='word_1_224' title='bbox 213 2673 322 2729; x_wconf 87' lang='lat' dir='ltr'>cestria.</span> <span class='ocrx_word' id='word_1_225' title='bbox 368 2672 496 2748; x_wconf 79' lang='lat' dir='ltr'>Roget-us</span> <span class='ocrx_word' id='word_1_226' title='bbox 520 2672 554 2728; x_wconf 95' lang='lat' dir='ltr'>de</span> <span class='ocrx_word' id='word_1_227' title='bbox 573 2672 685 2749; x_wconf 86' lang='lat' dir='ltr'>Quincy</span> <span class='ocrx_word' id='word_1_228' title='bbox 699 2691 791 2728; x_wconf 89' lang='lat' dir='ltr'>comes</span> <span class='ocrx_word' id='word_1_229' title='bbox 805 2672 967 2750; x_wconf 86' lang='lat' dir='ltr'>Wyntonie,</span> <span class='ocrx_word' id='word_1_230' title='bbox 981 2672 1029 2746; x_wconf 95' lang='lat' dir='ltr'>qui</span> <span class='ocrx_word' id='word_1_231' title='bbox 1043 2670 1142 2727; x_wconf 80' lang='lat' dir='ltr'>habuit</span> <span class='ocrx_word' id='word_1_232' title='bbox 1154 2671 1184 2727; x_wconf 91' lang='lat' dir='ltr'>in</span> <span class='ocrx_word' id='word_1_233' title='bbox 1197 2689 1313 2727; x_wconf 83' lang='lat' dir='ltr'>uxorem</span> <span class='ocrx_word' id='word_1_234' title='bbox 1327 2689 1412 2726; x_wconf 82' lang='lat' dir='ltr'>unam</span> 
     </span>
     <span class='ocr_line' id='line_1_23' title="bbox 212 2765 1413 2825; baseline -0.002 -1"><span class='ocrx_word' id='word_1_235' title='bbox 212 2768 247 2824; x_wconf 93' lang='lat' dir='ltr'>de</span> <span class='ocrx_word' id='word_1_236' title='bbox 262 2767 372 2824; x_wconf 88' lang='lat' dir='ltr'>filiabus</span> <span class='ocrx_word' id='word_1_237' title='bbox 386 2766 523 2824; x_wconf 91' lang='lat' dir='ltr'>Willelmi</span> <span class='ocrx_word' id='word_1_238' title='bbox 537 2767 571 2824; x_wconf 91' lang='lat' dir='ltr'>de</span> <span class='ocrx_word' id='word_1_239' title='bbox 587 2767 721 2824; x_wconf 86' lang='lat' dir='ltr'>Ferrariia</span> <span class='ocrx_word' id='word_1_240' title='bbox 736 2768 844 2824; x_wconf 91' lang='lat' dir='ltr'>comitis</span> <span class='ocrx_word' id='word_1_241' title='bbox 856 2767 961 2824; x_wconf 90' lang='lat' dir='ltr'>Derbie</span> <span class='ocrx_word' id='word_1_242' title='bbox 975 2777 1003 2824; x_wconf 88' lang='lat' dir='ltr'>et</span> <span class='ocrx_word' id='word_1_243' title='bbox 1017 2786 1072 2825; x_wconf 90' lang='lat' dir='ltr'>una</span> <span class='ocrx_word' id='word_1_244' title='bbox 1087 2768 1120 2825; x_wconf 89' lang='lat' dir='ltr'>de</span> <span class='ocrx_word' id='word_1_245' title='bbox 1134 2766 1285 2825; x_wconf 91' lang='lat' dir='ltr'>heredibus</span> <span class='ocrx_word' id='word_1_246' title='bbox 1295 2765 1413 2823; x_wconf 86' lang='lat' dir='ltr'>Walteri</span> 
     </span>
    </p>
   </div>
   <div class='ocr_carea' id='block_1_5' title="bbox 210 2862 1419 4203">
    <p class='ocr_par' dir='ltr' id='par_1_5' title="bbox 210 2862 1419 4203">
     <span class='ocr_line' id='line_1_24' title="bbox 212 2862 1414 2942; baseline -0.002 -21"><span class='ocrx_word' id='word_1_247' title='bbox 212 2865 321 2921; x_wconf 89' lang='lat' dir='ltr'>comitis</span> <span class='ocrx_word' id='word_1_248' title='bbox 337 2863 498 2921; x_wconf 88' lang='lat' dir='ltr'>Marescalli</span> <span class='ocrx_word' id='word_1_249' title='bbox 512 2865 540 2921; x_wconf 84' lang='lat' dir='ltr'>xi</span> <span class='ocrx_word' id='word_1_250' title='bbox 553 2883 661 2921; x_wconf 79' lang='lat' dir='ltr'>marcus</span> <span class='ocrx_word' id='word_1_251' title='bbox 675 2862 726 2941; x_wconf 86' lang='lat' dir='ltr'>(ut</span> <span class='ocrx_word' id='word_1_252' title='bbox 740 2862 849 2942; x_wconf 84' lang='lat' dir='ltr'>supra).</span> <span class='ocrx_word' id='word_1_253' title='bbox 875 2864 913 2921; x_wconf 89' lang='lat' dir='ltr'>Et</span> <span class='ocrx_word' id='word_1_254' title='bbox 927 2865 1037 2922; x_wconf 83' lang='lat' dir='ltr'>cxxxvii</span> <span class='ocrx_word' id='word_1_255' title='bbox 1050 2883 1158 2922; x_wconf 88' lang='lat' dir='ltr'>marcas</span> <span class='ocrx_word' id='word_1_256' title='bbox 1172 2865 1228 2921; x_wconf 85' lang='lat' dir='ltr'>xxii</span> <span class='ocrx_word' id='word_1_257' title='bbox 1238 2864 1365 2921; x_wconf 83' lang='lat' dir='ltr'>denarios</span> <span class='ocrx_word' id='word_1_258' title='bbox 1379 2862 1414 2919; x_wconf 94' lang='lat' dir='ltr'>de</span> 
     </span>
     <span class='ocr_line' id='line_1_25' title="bbox 212 2959 1414 3037; baseline 0 -21"><span class='ocrx_word' id='word_1_259' title='bbox 212 2960 249 3016; x_wconf 83' lang='lat' dir='ltr'>xii</span> <span class='ocrx_word' id='word_1_260' title='bbox 260 2961 340 3018; x_wconf 88' lang='lat' dir='ltr'>annis</span> <span class='ocrx_word' id='word_1_261' title='bbox 350 2961 488 3037; x_wconf 88' lang='lat' dir='ltr'>preteritis</span> <span class='ocrx_word' id='word_1_262' title='bbox 502 2962 614 3037; x_wconf 84' lang='lat' dir='ltr'>quando</span> <span class='ocrx_word' id='word_1_263' title='bbox 630 2961 691 3018; x_wconf 87' lang='lat' dir='ltr'>Rex</span> <span class='ocrx_word' id='word_1_264' title='bbox 705 2961 806 3036; x_wconf 92' lang='lat' dir='ltr'>incepit</span> <span class='ocrx_word' id='word_1_265' title='bbox 815 2960 928 3017; x_wconf 89' lang='lat' dir='ltr'>reddere</span> <span class='ocrx_word' id='word_1_266' title='bbox 937 2960 1025 3017; x_wconf 89' lang='lat' dir='ltr'>dictos</span> <span class='ocrx_word' id='word_1_267' title='bbox 1037 2959 1163 3017; x_wconf 88' lang='lat' dir='ltr'>denarios</span> <span class='ocrx_word' id='word_1_268' title='bbox 1174 2960 1210 3017; x_wconf 85' lang='lat' dir='ltr'>ad</span> <span class='ocrx_word' id='word_1_269' title='bbox 1222 2959 1332 3017; x_wconf 89' lang='lat' dir='ltr'>Pascha</span> <span class='ocrx_word' id='word_1_270' title='bbox 1338 2978 1414 3017; x_wconf 89' lang='lat' dir='ltr'>anno</span> 
     </span>
     <span class='ocr_line' id='line_1_26' title="bbox 213 3057 1415 3133; baseline 0 -20"><span class='ocrx_word' id='word_1_271' title='bbox 213 3059 455 3116; x_wconf 80' lang='lat' dir='ltr'>xxxii—Essexin</span> <span class='ocrx_word' id='word_1_272' title='bbox 475 3068 503 3117; x_wconf 90' lang='grc'>91</span> <span class='ocrx_word' id='word_1_273' title='bbox 527 3058 701 3116; x_wconf 86' lang='lat' dir='ltr'>Hertfordia.</span> <span class='ocrx_word' id='word_1_274' title='bbox 765 3058 855 3133; x_wconf 90' lang='lat' dir='ltr'>Hugo</span> <span class='ocrx_word' id='word_1_275' title='bbox 879 3057 913 3114; x_wconf 91' lang='lat' dir='ltr'>de</span> <span class='ocrx_word' id='word_1_276' title='bbox 941 3057 1128 3114; x_wconf 88' lang='lat' dir='ltr'>Mortuomari</span> <span class='ocrx_word' id='word_1_277' title='bbox 1152 3067 1181 3114; x_wconf 93' lang='lat' dir='ltr'>et</span> <span class='ocrx_word' id='word_1_278' title='bbox 1206 3057 1322 3132; x_wconf 87' lang='lat' dir='ltr'>Agatha</span> <span class='ocrx_word' id='word_1_279' title='bbox 1343 3075 1415 3113; x_wconf 83' lang='lat' dir='ltr'>uxor</span> 
     </span>
     <span class='ocr_line' id='line_1_27' title="bbox 211 3151 1416 3234; baseline -0.001 -23"><span class='ocrx_word' id='word_1_280' title='bbox 211 3155 272 3229; x_wconf 89' lang='lat' dir='ltr'>ejus</span> <span class='ocrx_word' id='word_1_281' title='bbox 286 3174 342 3212; x_wconf 88' lang='lat' dir='ltr'>una</span> <span class='ocrx_word' id='word_1_282' title='bbox 356 3155 390 3214; x_wconf 93' lang='lat' dir='ltr'>de</span> <span class='ocrx_word' id='word_1_283' title='bbox 404 3156 552 3215; x_wconf 88' lang='lat' dir='ltr'>heredibus</span> <span class='ocrx_word' id='word_1_284' title='bbox 567 3155 719 3234; x_wconf 82' lang='lat' dir='ltr'>W(alteri)</span> <span class='ocrx_word' id='word_1_285' title='bbox 731 3155 839 3212; x_wconf 88' lang='lat' dir='ltr'>comitis</span> <span class='ocrx_word' id='word_1_286' title='bbox 854 3154 1017 3212; x_wconf 80' lang='lat' dir='ltr'>Marescalli</span> <span class='ocrx_word' id='word_1_287' title='bbox 1030 3155 1058 3210; x_wconf 83' lang='lat' dir='ltr'>xi</span> <span class='ocrx_word' id='word_1_288' title='bbox 1071 3174 1179 3211; x_wconf 86' lang='lat' dir='ltr'>marcas</span> <span class='ocrx_word' id='word_1_289' title='bbox 1189 3151 1354 3231; x_wconf 81' lang='lat' dir='ltr'>(utsupra).</span> <span class='ocrx_word' id='word_1_290' title='bbox 1375 3153 1416 3211; x_wconf 87' lang='lat' dir='ltr'>Et</span> 
     </span>
     <span class='ocr_line' id='line_1_28' title="bbox 211 3250 1415 3327; baseline 0 -20"><span class='ocrx_word' id='word_1_291' title='bbox 211 3253 322 3308; x_wconf 84' lang='lat' dir='ltr'>cxxxvii</span> <span class='ocrx_word' id='word_1_292' title='bbox 345 3273 453 3312; x_wconf 88' lang='lat' dir='ltr'>marcas</span> <span class='ocrx_word' id='word_1_293' title='bbox 478 3255 534 3311; x_wconf 84' lang='lat' dir='ltr'>xxii</span> <span class='ocrx_word' id='word_1_294' title='bbox 555 3254 684 3311; x_wconf 86' lang='lat' dir='ltr'>denarios</span> <span class='ocrx_word' id='word_1_295' title='bbox 709 3253 743 3309; x_wconf 88' lang='lat' dir='ltr'>de</span> <span class='ocrx_word' id='word_1_296' title='bbox 764 3252 802 3309; x_wconf 83' lang='lat' dir='ltr'>xii</span> <span class='ocrx_word' id='word_1_297' title='bbox 824 3253 904 3309; x_wconf 84' lang='lat' dir='ltr'>annis</span> <span class='ocrx_word' id='word_1_298' title='bbox 928 3252 1075 3327; x_wconf 83' lang='lat' dir='ltr'>preteritis.</span> <span class='ocrx_word' id='word_1_299' title='bbox 1116 3251 1164 3310; x_wconf 90' lang='lat' dir='ltr'>On</span> <span class='ocrx_word' id='word_1_300' title='bbox 1188 3251 1236 3309; x_wconf 88' lang='lat' dir='ltr'>the</span> <span class='ocrx_word' id='word_1_301' title='bbox 1256 3270 1331 3309; x_wconf 86' lang='lat' dir='ltr'>same</span> <span class='ocrx_word' id='word_1_302' title='bbox 1347 3250 1415 3308; x_wconf 89' lang='lat' dir='ltr'>Roll</span> 
     </span>
     <span class='ocr_line' id='line_1_29' title="bbox 210 3348 1415 3428; baseline 0.002 -23"><span class='ocrx_word' id='word_1_303' title='bbox 210 3368 258 3405; x_wconf 87' lang='lat' dir='ltr'>are</span> <span class='ocrx_word' id='word_1_304' title='bbox 271 3349 331 3406; x_wconf 80' lang='lat' dir='ltr'>also</span> <span class='ocrx_word' id='word_1_305' title='bbox 345 3351 452 3408; x_wconf 86' lang='lat' dir='ltr'>similar</span> <span class='ocrx_word' id='word_1_306' title='bbox 464 3352 567 3408; x_wconf 86' lang='lat' dir='ltr'>eutries</span> <span class='ocrx_word' id='word_1_307' title='bbox 581 3372 612 3409; x_wconf 87' lang='lat' dir='ltr'>as</span> <span class='ocrx_word' id='word_1_308' title='bbox 626 3362 656 3408; x_wconf 87' lang='lat' dir='ltr'>to</span> <span class='ocrx_word' id='word_1_309' title='bbox 674 3351 797 3408; x_wconf 89' lang='lat' dir='ltr'>William</span> <span class='ocrx_word' id='word_1_310' title='bbox 808 3350 843 3406; x_wconf 91' lang='lat' dir='ltr'>de</span> <span class='ocrx_word' id='word_1_311' title='bbox 857 3349 994 3407; x_wconf 88' lang='lat' dir='ltr'>Valentiis</span> <span class='ocrx_word' id='word_1_312' title='bbox 1009 3348 1159 3428; x_wconf 83' lang='lat' dir='ltr'>(valence,</span> <span class='ocrx_word' id='word_1_313' title='bbox 1173 3349 1308 3406; x_wconf 81' lang='lat' dir='ltr'>chef-lieu</span> <span class='ocrx_word' id='word_1_314' title='bbox 1322 3350 1355 3406; x_wconf 96' lang='grc'>91</span> <span class='ocrx_word' id='word_1_315' title='bbox 1365 3349 1415 3407; x_wconf 89' lang='lat' dir='ltr'>the</span> 
     </span>
     <span class='ocr_line' id='line_1_30' title="bbox 212 3445 1413 3525; baseline -0.001 -21"><span class='ocrx_word' id='word_1_316' title='bbox 212 3446 413 3521; x_wconf 85' lang='lat' dir='ltr'>Departement</span> <span class='ocrx_word' id='word_1_317' title='bbox 434 3447 467 3503; x_wconf 91' lang='lat' dir='ltr'>de</span> <span class='ocrx_word' id='word_1_318' title='bbox 481 3447 509 3503; x_wconf 84' lang='lat' dir='ltr'>la</span> <span class='ocrx_word' id='word_1_319' title='bbox 523 3445 658 3525; x_wconf 72' lang='lat' dir='ltr'>Diome),</span> <span class='ocrx_word' id='word_1_320' title='bbox 680 3447 743 3504; x_wconf 85' lang='lat' dir='ltr'>who</span> <span class='ocrx_word' id='word_1_321' title='bbox 757 3446 813 3503; x_wconf 87' lang='lat' dir='ltr'>had</span> <span class='ocrx_word' id='word_1_322' title='bbox 837 3455 867 3503; x_wconf 90' lang='lat' dir='ltr'>to</span> <span class='ocrx_word' id='word_1_323' title='bbox 882 3446 944 3502; x_wconf 81' lang='lat' dir='ltr'>wife</span> <span class='ocrx_word' id='word_1_324' title='bbox 969 3445 1017 3503; x_wconf 89' lang='lat' dir='ltr'>the</span> <span class='ocrx_word' id='word_1_325' title='bbox 1041 3447 1179 3522; x_wconf 74' lang='lat' dir='ltr'>daughter</span> <span class='ocrx_word' id='word_1_326' title='bbox 1192 3447 1225 3502; x_wconf 90' lang='grc'>91</span> <span class='ocrx_word' id='word_1_327' title='bbox 1246 3447 1363 3503; x_wconf 84' lang='lat' dir='ltr'>Warine</span> <span class='ocrx_word' id='word_1_328' title='bbox 1377 3447 1413 3503; x_wconf 88' lang='lat' dir='ltr'>de</span> 
     </span>
     <span class='ocr_line' id='line_1_31' title="bbox 212 3541 1416 3622; baseline -0.001 -23"><span class='ocrx_word' id='word_1_329' title='bbox 212 3541 401 3622; x_wconf 84' lang='lat' dir='ltr'>Munchensy,</span> <span class='ocrx_word' id='word_1_330' title='bbox 416 3565 469 3602; x_wconf 91' lang='lat' dir='ltr'>one</span> <span class='ocrx_word' id='word_1_331' title='bbox 483 3545 516 3601; x_wconf 89' lang='grc'>91</span> <span class='ocrx_word' id='word_1_332' title='bbox 526 3545 574 3602; x_wconf 89' lang='lat' dir='ltr'>the</span> <span class='ocrx_word' id='word_1_333' title='bbox 588 3545 663 3601; x_wconf 89' lang='lat' dir='ltr'>heirs</span> <span class='ocrx_word' id='word_1_334' title='bbox 676 3545 710 3601; x_wconf 90' lang='grc'>91</span> <span class='ocrx_word' id='word_1_335' title='bbox 729 3543 840 3601; x_wconf 78' lang='lat' dir='ltr'>Walter</span> <span class='ocrx_word' id='word_1_336' title='bbox 855 3543 924 3601; x_wconf 86' lang='lat' dir='ltr'>Earl</span> <span class='ocrx_word' id='word_1_337' title='bbox 940 3543 1069 3601; x_wconf 84' lang='lat' dir='ltr'>Marshal</span> <span class='ocrx_word' id='word_1_338' title='bbox 1091 3545 1121 3600; x_wconf 93' lang='grc'>19</span> <span class='ocrx_word' id='word_1_339' title='bbox 1137 3544 1227 3601; x_wconf 87' lang='lat' dir='ltr'>Essex</span> <span class='ocrx_word' id='word_1_340' title='bbox 1249 3542 1305 3600; x_wconf 88' lang='lat' dir='ltr'>and</span> <span class='ocrx_word' id='word_1_341' title='bbox 1327 3541 1416 3599; x_wconf 88' lang='lat' dir='ltr'>Hert·</span> 
     </span>
     <span class='ocr_line' id='line_1_32' title="bbox 211 3638 1419 3719; baseline 0.003 -26"><span class='ocrx_word' id='word_1_342' title='bbox 211 3638 285 3705; x_wconf 86' lang='lat' dir='ltr'>ford,</span> <span class='ocrx_word' id='word_1_343' title='bbox 299 3639 355 3695; x_wconf 86' lang='lat' dir='ltr'>aad</span> <span class='ocrx_word' id='word_1_344' title='bbox 368 3641 401 3696; x_wconf 90' lang='grc'>91</span> <span class='ocrx_word' id='word_1_345' title='bbox 413 3641 581 3719; x_wconf 86' lang='lat' dir='ltr'>Humphrey</span> <span class='ocrx_word' id='word_1_346' title='bbox 596 3642 631 3698; x_wconf 90' lang='lat' dir='ltr'>de</span> <span class='ocrx_word' id='word_1_347' title='bbox 646 3641 756 3707; x_wconf 90' lang='lat' dir='ltr'>Bohun‚</span> <span class='ocrx_word' id='word_1_348' title='bbox 771 3641 834 3697; x_wconf 83' lang='lat' dir='ltr'>who</span> <span class='ocrx_word' id='word_1_349' title='bbox 855 3640 912 3697; x_wconf 90' lang='lat' dir='ltr'>had</span> <span class='ocrx_word' id='word_1_350' title='bbox 925 3650 955 3697; x_wconf 92' lang='lat' dir='ltr'>to</span> <span class='ocrx_word' id='word_1_351' title='bbox 969 3641 1031 3696; x_wconf 83' lang='lat' dir='ltr'>wife</span> <span class='ocrx_word' id='word_1_352' title='bbox 1045 3659 1098 3696; x_wconf 93' lang='lat' dir='ltr'>one</span> <span class='ocrx_word' id='word_1_353' title='bbox 1111 3640 1145 3696; x_wconf 92' lang='grc'>91</span> <span class='ocrx_word' id='word_1_354' title='bbox 1156 3639 1205 3695; x_wconf 88' lang='lat' dir='ltr'>the</span> <span class='ocrx_word' id='word_1_355' title='bbox 1219 3638 1371 3713; x_wconf 83' lang='lat' dir='ltr'>daughters</span> <span class='ocrx_word' id='word_1_356' title='bbox 1385 3640 1419 3697; x_wconf 85' lang='lat' dir='ltr'>of</span> 
     </span>
     <span class='ocr_line' id='line_1_33' title="bbox 213 3732 1415 3802; baseline 0.003 -13"><span class='ocrx_word' id='word_1_357' title='bbox 213 3732 339 3790; x_wconf 86' lang='lat' dir='ltr'>William</span> <span class='ocrx_word' id='word_1_358' title='bbox 353 3735 387 3791; x_wconf 90' lang='lat' dir='ltr'>de</span> <span class='ocrx_word' id='word_1_359' title='bbox 402 3736 530 3802; x_wconf 74' lang='lat' dir='ltr'>Brioum,</span> <span class='ocrx_word' id='word_1_360' title='bbox 544 3736 600 3792; x_wconf 90' lang='lat' dir='ltr'>and</span> <span class='ocrx_word' id='word_1_361' title='bbox 613 3755 665 3792; x_wconf 91' lang='grc'>999</span> <span class='ocrx_word' id='word_1_362' title='bbox 679 3736 712 3792; x_wconf 88' lang='grc'>91</span> <span class='ocrx_word' id='word_1_363' title='bbox 722 3736 770 3792; x_wconf 88' lang='lat' dir='ltr'>the</span> <span class='ocrx_word' id='word_1_364' title='bbox 784 3736 859 3793; x_wconf 89' lang='lat' dir='ltr'>heirs</span> <span class='ocrx_word' id='word_1_365' title='bbox 873 3736 907 3792; x_wconf 93' lang='grc'>91</span> <span class='ocrx_word' id='word_1_366' title='bbox 917 3735 965 3792; x_wconf 88' lang='lat' dir='ltr'>the</span> <span class='ocrx_word' id='word_1_367' title='bbox 990 3735 1073 3793; x_wconf 87' lang='lat' dir='ltr'>Earls</span> <span class='ocrx_word' id='word_1_368' title='bbox 1089 3733 1219 3791; x_wconf 87' lang='lat' dir='ltr'>Marshal</span> <span class='ocrx_word' id='word_1_369' title='bbox 1233 3734 1262 3789; x_wconf 89' lang='lat' dir='ltr'>in</span> <span class='ocrx_word' id='word_1_370' title='bbox 1277 3733 1325 3790; x_wconf 91' lang='lat' dir='ltr'>the</span> <span class='ocrx_word' id='word_1_371' title='bbox 1340 3753 1415 3793; x_wconf 85' lang='lat' dir='ltr'>same</span> 
     </span>
     <span class='ocr_line' id='line_1_34' title="bbox 213 3830 1415 3908; baseline 0.003 -22"><span class='ocrx_word' id='word_1_372' title='bbox 213 3830 346 3899; x_wconf 87' lang='lat' dir='ltr'>counties‚</span> <span class='ocrx_word' id='word_1_373' title='bbox 360 3831 415 3888; x_wconf 91' lang='lat' dir='ltr'>and</span> <span class='ocrx_word' id='word_1_374' title='bbox 436 3833 470 3888; x_wconf 92' lang='grc'>91</span> <span class='ocrx_word' id='word_1_375' title='bbox 491 3833 616 3889; x_wconf 83' lang='lat' dir='ltr'>William</span> <span class='ocrx_word' id='word_1_376' title='bbox 640 3832 674 3888; x_wconf 93' lang='lat' dir='ltr'>de</span> <span class='ocrx_word' id='word_1_377' title='bbox 699 3833 856 3908; x_wconf 86' lang='lat' dir='ltr'>Cantilupe,</span> <span class='ocrx_word' id='word_1_378' title='bbox 875 3832 938 3889; x_wconf 86' lang='lat' dir='ltr'>who</span> <span class='ocrx_word' id='word_1_379' title='bbox 960 3832 1016 3889; x_wconf 84' lang='lat' dir='ltr'>had</span> <span class='ocrx_word' id='word_1_380' title='bbox 1037 3840 1068 3888; x_wconf 91' lang='lat' dir='ltr'>to</span> <span class='ocrx_word' id='word_1_381' title='bbox 1090 3831 1153 3887; x_wconf 79' lang='lat' dir='ltr'>wife</span> <span class='ocrx_word' id='word_1_382' title='bbox 1176 3831 1293 3889; x_wconf 87' lang='lat' dir='ltr'>another</span> <span class='ocrx_word' id='word_1_383' title='bbox 1316 3832 1349 3889; x_wconf 90' lang='grc'>91</span> <span class='ocrx_word' id='word_1_384' title='bbox 1366 3833 1415 3891; x_wconf 88' lang='lat' dir='ltr'>the</span> 
     </span>
     <span class='ocr_line' id='line_1_35' title="bbox 212 3927 1415 4005; baseline 0.002 -20"><span class='ocrx_word' id='word_1_385' title='bbox 212 3928 365 4005; x_wconf 83' lang='lat' dir='ltr'>daughters</span> <span class='ocrx_word' id='word_1_386' title='bbox 379 3928 413 3985; x_wconf 94' lang='grc'>91</span> <span class='ocrx_word' id='word_1_387' title='bbox 433 3927 558 3985; x_wconf 88' lang='lat' dir='ltr'>William</span> <span class='ocrx_word' id='word_1_388' title='bbox 571 3928 606 3986; x_wconf 92' lang='lat' dir='ltr'>de</span> <span class='ocrx_word' id='word_1_389' title='bbox 621 3929 741 3985; x_wconf 84' lang='lat' dir='ltr'>Briouze</span> <span class='ocrx_word' id='word_1_390' title='bbox 754 3929 810 3985; x_wconf 87' lang='lat' dir='ltr'>and</span> <span class='ocrx_word' id='word_1_391' title='bbox 822 3947 876 3985; x_wconf 91' lang='lat' dir='ltr'>one</span> <span class='ocrx_word' id='word_1_392' title='bbox 890 3928 923 3984; x_wconf 93' lang='grc'>91</span> <span class='ocrx_word' id='word_1_393' title='bbox 932 3928 981 3985; x_wconf 88' lang='lat' dir='ltr'>the</span> <span class='ocrx_word' id='word_1_394' title='bbox 991 3929 1066 3986; x_wconf 88' lang='lat' dir='ltr'>heirs</span> <span class='ocrx_word' id='word_1_395' title='bbox 1080 3928 1113 3985; x_wconf 90' lang='grc'>91</span> <span class='ocrx_word' id='word_1_396' title='bbox 1125 3928 1234 3986; x_wconf 86' lang='lat' dir='ltr'>Walter</span> <span class='ocrx_word' id='word_1_397' title='bbox 1248 3928 1317 3987; x_wconf 87' lang='lat' dir='ltr'>Earl</span> <span class='ocrx_word' id='word_1_398' title='bbox 1333 3931 1415 3988; x_wconf 88' lang='lat' dir='ltr'>Mar·</span> 
     </span>
     <span class='ocr_line' id='line_1_36' title="bbox 213 4025 1414 4105; baseline 0.003 -23"><span class='ocrx_word' id='word_1_399' title='bbox 213 4025 283 4092; x_wconf 83' lang='lat' dir='ltr'>abal,</span> <span class='ocrx_word' id='word_1_400' title='bbox 298 4027 326 4082; x_wconf 90' lang='lat' dir='ltr'>in</span> <span class='ocrx_word' id='word_1_401' title='bbox 339 4026 485 4083; x_wconf 88' lang='lat' dir='ltr'>Wiltshire</span> <span class='ocrx_word' id='word_1_402' title='bbox 496 4051 504 4093; x_wconf 89' lang='lat'>;</span> <span class='ocrx_word' id='word_1_403' title='bbox 517 4046 549 4084; x_wconf 86' lang='lat' dir='ltr'>as</span> <span class='ocrx_word' id='word_1_404' title='bbox 563 4026 623 4084; x_wconf 87' lang='lat' dir='ltr'>also</span> <span class='ocrx_word' id='word_1_405' title='bbox 637 4026 685 4084; x_wconf 90' lang='lat' dir='ltr'>the</span> <span class='ocrx_word' id='word_1_406' title='bbox 699 4026 843 4104; x_wconf 83' lang='lat' dir='ltr'>following</span> <span class='ocrx_word' id='word_1_407' title='bbox 855 4035 936 4105; x_wconf 86' lang='lat' dir='ltr'>entry</span> <span class='ocrx_word' id='word_1_408' title='bbox 946 4028 974 4084; x_wconf 93' lang='lat' dir='ltr'>in</span> <span class='ocrx_word' id='word_1_409' title='bbox 984 4026 1181 4085; x_wconf 89' lang='lat' dir='ltr'>Lincolnshire</span> <span class='ocrx_word' id='word_1_410' title='bbox 1192 4049 1200 4084; x_wconf 89' lang='lat'>:</span> <span class='ocrx_word' id='word_1_411' title='bbox 1221 4036 1239 4065; x_wconf 80' lang='lat'>‘⁴</span> <span class='ocrx_word' id='word_1_412' title='bbox 1250 4028 1414 4105; x_wconf 85' lang='lat' dir='ltr'>Margareta</span> 
     </span>
     <span class='ocr_line' id='line_1_37' title="bbox 211 4123 1414 4203; baseline 0.004 -24"><span class='ocrx_word' id='word_1_413' title='bbox 211 4123 352 4181; x_wconf 88' lang='lat' dir='ltr'>comitissa</span> <span class='ocrx_word' id='word_1_414' title='bbox 373 4124 526 4191; x_wconf 90' lang='lat' dir='ltr'>Lincolnie‚</span> <span class='ocrx_word' id='word_1_415' title='bbox 548 4144 602 4200; x_wconf 92' lang='lat' dir='ltr'>que</span> <span class='ocrx_word' id='word_1_416' title='bbox 622 4125 677 4182; x_wconf 87' lang='lat' dir='ltr'>fuit</span> <span class='ocrx_word' id='word_1_417' title='bbox 698 4143 772 4183; x_wconf 83' lang='lat' dir='ltr'>uxor</span> <span class='ocrx_word' id='word_1_418' title='bbox 792 4126 912 4183; x_wconf 86' lang='lat' dir='ltr'>Walteri</span> <span class='ocrx_word' id='word_1_419' title='bbox 937 4126 1045 4183; x_wconf 88' lang='lat' dir='ltr'>comitis</span> <span class='ocrx_word' id='word_1_420' title='bbox 1068 4125 1239 4195; x_wconf 85' lang='lat' dir='ltr'>Marescalli,</span> <span class='ocrx_word' id='word_1_421' title='bbox 1263 4146 1317 4202; x_wconf 92' lang='lat' dir='ltr'>que</span> <span class='ocrx_word' id='word_1_422' title='bbox 1332 4127 1414 4203; x_wconf 82' lang='lat' dir='ltr'>plene</span> 
     </span>
    </p>
   </div>
   <div class='ocr_carea' id='block_1_6' title="bbox 0 0 1776 4830">
    <p class='ocr_par' dir='ltr' id='par_1_6' title="bbox 0 0 1776 4830">
     <span class='ocr_line' id='line_1_38' title="bbox 0 0 1776 4830; baseline 0 0"><span class='ocrx_word' id='word_1_423' title='bbox 0 0 1776 4830; x_wconf 95' lang='lat' dir='ltr'> </span> 
     </span>
    </p>
   </div>
  </div>
 </body>
</html>
