<?xml version="1.0" encoding="UTF-8"?>
<!DOCTYPE html PUBLIC "-//W3C//DTD XHTML 1.0 Transitional//EN"
    "http://www.w3.org/TR/xhtml1/DTD/xhtml1-transitional.dtd">
<html xmlns="http://www.w3.org/1999/xhtml" xml:lang="en" lang="en">
 <head>
  <title>
</title>
<meta http-equiv="Content-Type" content="text/html;charset=utf-8" />
  <meta name='ocr-system' content='tesseract 3.04.00' />
  <meta name='ocr-capabilities' content='ocr_page ocr_carea ocr_par ocr_line ocrx_word'/>
</head>
<body>
  <div class='ocr_page' id='page_1' title='image "./deantiquislegib01fitzgoog_0321.png"; bbox 0 0 3540 4830; ppageno 0'>
   <div class='ocr_carea' id='block_1_1' title="bbox 468 465 1262 522">
    <p class='ocr_par' dir='ltr' id='par_1_1' title="bbox 468 465 1262 522">
     <span class='ocr_line' id='line_1_1' title="bbox 468 465 1262 522; baseline -0.001 -2"><span class='ocrx_word' id='word_1_1' title='bbox 468 465 511 521; x_wconf 85' lang='grc'><strong>48</strong></span> <span class='ocrx_word' id='word_1_2' title='bbox 827 476 990 522; x_wconf 78' lang='lat' dir='ltr'><strong>csorrrcn</strong></span> <span class='ocrx_word' id='word_1_3' title='bbox 1015 474 1191 522; x_wconf 73' lang='lat' dir='ltr'><strong>sinuosos«</strong></span> <span class='ocrx_word' id='word_1_4' title='bbox 1217 475 1262 520; x_wconf 82' lang='lat' dir='ltr'><strong>rr</strong></span> 
     </span>
    </p>
   </div>
   <div class='ocr_carea' id='block_1_2' title="bbox 470 622 1634 3984">
    <p class='ocr_par' dir='ltr' id='par_1_2' title="bbox 470 622 1627 3062">
     <span class='ocr_line' id='line_1_2' title="bbox 471 622 1619 713; baseline -0.003 -21"><span class='ocrx_word' id='word_1_5' title='bbox 471 629 567 711; x_wconf 80' lang='lat' dir='ltr'><strong>Regis</strong></span> <span class='ocrx_word' id='word_1_6' title='bbox 583 627 637 713; x_wconf 90' lang='lat' dir='ltr'><strong>qui</strong></span> <span class='ocrx_word' id='word_1_7' title='bbox 653 638 805 693; x_wconf 88' lang='lat' dir='ltr'><strong>nuncest</strong></span> <span class='ocrx_word' id='word_1_8' title='bbox 821 628 891 691; x_wconf 84' lang='lat' dir='ltr'><strong>xli0.</strong></span> <span class='ocrx_word' id='word_1_9' title='bbox 938 628 981 693; x_wconf 82' lang='lat' dir='ltr'><strong>Et</strong></span> <span class='ocrx_word' id='word_1_10' title='bbox 1004 628 1102 694; x_wconf 75' lang='lat' dir='ltr'><strong>Cives</strong></span> <span class='ocrx_word' id='word_1_11' title='bbox 1118 626 1232 690; x_wconf 89' lang='lat' dir='ltr'><strong>dicunt</strong></span> <span class='ocrx_word' id='word_1_12' title='bbox 1253 624 1340 709; x_wconf 88' lang='lat' dir='ltr'><strong>quod</strong></span> <span class='ocrx_word' id='word_1_13' title='bbox 1366 632 1455 689; x_wconf 78' lang='lat' dir='ltr'><strong>certs</strong></span> <span class='ocrx_word' id='word_1_14' title='bbox 1476 622 1531 687; x_wconf 91' lang='lat' dir='ltr'><strong>ills</strong></span> <span class='ocrx_word' id='word_1_15' title='bbox 1550 644 1619 688; x_wconf 87' lang='lat' dir='ltr'><strong>non</strong></span> 
     </span>
     <span class='ocr_line' id='line_1_3' title="bbox 470 726 1620 815; baseline -0.003 -21"><span class='ocrx_word' id='word_1_16' title='bbox 470 732 567 795; x_wconf 77' lang='lat' dir='ltr'><strong>delict</strong></span> <span class='ocrx_word' id='word_1_17' title='bbox 581 732 628 795; x_wconf 85' lang='lat' dir='ltr'><strong>eis</strong></span> <span class='ocrx_word' id='word_1_18' title='bbox 643 731 757 802; x_wconf 72' lang='lat' dir='ltr'><strong>volere,</strong></span> <span class='ocrx_word' id='word_1_19' title='bbox 773 732 848 815; x_wconf 83' lang='lat' dir='ltr'><strong>quis</strong></span> <span class='ocrx_word' id='word_1_20' title='bbox 864 753 928 795; x_wconf 95' lang='lat' dir='ltr'><strong>non</strong></span> <span class='ocrx_word' id='word_1_21' title='bbox 945 744 1021 795; x_wconf 90' lang='lat' dir='ltr'><strong>sunt</strong></span> <span class='ocrx_word' id='word_1_22' title='bbox 1043 732 1075 795; x_wconf 88' lang='lat' dir='ltr'><strong>in</strong></span> <span class='ocrx_word' id='word_1_23' title='bbox 1098 730 1216 794; x_wconf 89' lang='lat' dir='ltr'><strong>seisins</strong></span> <span class='ocrx_word' id='word_1_24' title='bbox 1238 728 1279 794; x_wconf 88' lang='lat' dir='ltr'><strong>de</strong></span> <span class='ocrx_word' id='word_1_25' title='bbox 1302 728 1412 792; x_wconf 87' lang='lat' dir='ltr'><strong>multis</strong></span> <span class='ocrx_word' id='word_1_26' title='bbox 1426 726 1569 791; x_wconf 76' lang='lat' dir='ltr'><strong>articulis</strong></span> <span class='ocrx_word' id='word_1_27' title='bbox 1584 728 1620 791; x_wconf 92' lang='lat' dir='ltr'><strong>in</strong></span> 
     </span>
     <span class='ocr_line' id='line_1_4' title="bbox 471 828 1621 917; baseline -0.001 -21"><span class='ocrx_word' id='word_1_28' title='bbox 471 832 541 916; x_wconf 77' lang='lat' dir='ltr'><strong>ipss</strong></span> <span class='ocrx_word' id='word_1_29' title='bbox 556 834 728 909; x_wconf 79' lang='lat' dir='ltr'><strong>contentis,</strong></span> <span class='ocrx_word' id='word_1_30' title='bbox 742 845 776 896; x_wconf 88' lang='lat' dir='ltr'><strong>et</strong></span> <span class='ocrx_word' id='word_1_31' title='bbox 791 834 930 897; x_wconf 85' lang='lat' dir='ltr'><strong>msxirne</strong></span> <span class='ocrx_word' id='word_1_32' title='bbox 944 833 1033 917; x_wconf 91' lang='lat' dir='ltr'><strong>quod</strong></span> <span class='ocrx_word' id='word_1_33' title='bbox 1048 833 1092 896; x_wconf 89' lang='lat' dir='ltr'><strong>illi</strong></span> <span class='ocrx_word' id='word_1_34' title='bbox 1108 830 1306 916; x_wconf 86' lang='lat' dir='ltr'><strong>respondent</strong></span> <span class='ocrx_word' id='word_1_35' title='bbox 1321 830 1353 894; x_wconf 94' lang='lat' dir='ltr'><strong>in</strong></span> <span class='ocrx_word' id='word_1_36' title='bbox 1366 828 1519 894; x_wconf 88' lang='lat' dir='ltr'><strong>omnibus</strong></span> <span class='ocrx_word' id='word_1_37' title='bbox 1535 852 1621 895; x_wconf 92' lang='lat' dir='ltr'><strong>nun·</strong></span> 
     </span>
     <span class='ocr_line' id='line_1_5' title="bbox 471 930 1622 1019; baseline -0.001 -23"><span class='ocrx_word' id='word_1_38' title='bbox 471 934 557 997; x_wconf 89' lang='lat' dir='ltr'><strong>dinis</strong></span> <span class='ocrx_word' id='word_1_39' title='bbox 589 936 713 1017; x_wconf 76' lang='lat' dir='ltr'><strong>elnglie.</strong></span> <span class='ocrx_word' id='word_1_40' title='bbox 760 935 803 998; x_wconf 75' lang='lat' dir='ltr'><strong>Et</strong></span> <span class='ocrx_word' id='word_1_41' title='bbox 833 935 1068 1019; x_wconf 78' lang='lat' dir='ltr'><strong>responderunt</strong></span> <span class='ocrx_word' id='word_1_42' title='bbox 1098 935 1130 997; x_wconf 91' lang='lat' dir='ltr'><strong>in</strong></span> <span class='ocrx_word' id='word_1_43' title='bbox 1161 933 1315 998; x_wconf 87' lang='lat' dir='ltr'><strong>nundinis</strong></span> <span class='ocrx_word' id='word_1_44' title='bbox 1345 932 1456 997; x_wconf 67' lang='lat' dir='ltr'><strong>sancei</strong></span> <span class='ocrx_word' id='word_1_45' title='bbox 1482 930 1622 1007; x_wconf 78' lang='lat' dir='ltr'><strong>Yronis,</strong></span> 
     </span>
     <span class='ocr_line' id='line_1_6' title="bbox 472 1033 1623 1111; baseline 0 -15"><span class='ocrx_word' id='word_1_46' title='bbox 472 1035 581 1098; x_wconf 78' lang='lat' dir='ltr'>Sancti</span> <span class='ocrx_word' id='word_1_47' title='bbox 600 1036 733 1111; x_wconf 74' lang='lat' dir='ltr'><strong>uotum,</strong></span> <span class='ocrx_word' id='word_1_48' title='bbox 748 1037 927 1111; x_wconf 73' lang='lat' dir='ltr'>wintonie,</span> <span class='ocrx_word' id='word_1_49' title='bbox 942 1047 976 1099; x_wconf 85' lang='lat' dir='ltr'><strong>et</strong></span> <span class='ocrx_word' id='word_1_50' title='bbox 993 1037 1115 1111; x_wconf 82' lang='lat' dir='ltr'><strong>Lcnne,</strong></span> <span class='ocrx_word' id='word_1_51' title='bbox 1138 1047 1171 1100; x_wconf 87' lang='lat' dir='ltr'><strong>ct</strong></span> <span class='ocrx_word' id='word_1_52' title='bbox 1191 1034 1385 1109; x_wconf 83' lang='lat' dir='ltr'><strong>Stsnlordie,</strong></span> <span class='ocrx_word' id='word_1_53' title='bbox 1400 1046 1432 1096; x_wconf 85' lang='lat' dir='ltr'><strong>et</strong></span> <span class='ocrx_word' id='word_1_54' title='bbox 1447 1033 1544 1097; x_wconf 85' lang='lat' dir='ltr'><strong>etism</strong></span> <span class='ocrx_word' id='word_1_55' title='bbox 1567 1033 1623 1097; x_wconf 82' lang='lat' dir='ltr'><strong>liic</strong></span> 
     </span>
     <span class='ocr_line' id='line_1_7' title="bbox 471 1134 1622 1221; baseline -0.001 -21"><span class='ocrx_word' id='word_1_56' title='bbox 471 1138 580 1221; x_wconf 79' lang='lat' dir='ltr'><strong>pertiti</strong></span> <span class='ocrx_word' id='word_1_57' title='bbox 596 1150 673 1201; x_wconf 77' lang='lat' dir='ltr'><strong>sunt</strong></span> <span class='ocrx_word' id='word_1_58' title='bbox 688 1140 728 1202; x_wconf 85' lang='lat' dir='ltr'><strong>‹lc</strong></span> <span class='ocrx_word' id='word_1_59' title='bbox 743 1151 830 1202; x_wconf 73' lang='lat' dir='ltr'><strong>certe</strong></span> <span class='ocrx_word' id='word_1_60' title='bbox 844 1161 912 1213; x_wconf 79' lang='lat' dir='ltr'><strong>sun,</strong></span> <span class='ocrx_word' id='word_1_61' title='bbox 937 1138 1162 1220; x_wconf 86' lang='lat' dir='ltr'><strong>respondendo</strong></span> <span class='ocrx_word' id='word_1_62' title='bbox 1184 1138 1224 1201; x_wconf 91' lang='lat' dir='ltr'><strong>sd</strong></span> <span class='ocrx_word' id='word_1_63' title='bbox 1247 1136 1462 1201; x_wconf 84' lang='lat' dir='ltr'><strong>nsrrstionem</strong></span> <span class='ocrx_word' id='word_1_64' title='bbox 1478 1134 1622 1199; x_wconf 74' lang='lat' dir='ltr'><strong>Civium.</strong></span> 
     </span>
     <span class='ocr_line' id='line_1_8' title="bbox 475 1236 1621 1323; baseline -0.001 -21"><span class='ocrx_word' id='word_1_65' title='bbox 475 1240 591 1302; x_wconf 80' lang='lat' dir='ltr'><strong>l&#39;nstes</strong></span> <span class='ocrx_word' id='word_1_66' title='bbox 606 1241 723 1304; x_wconf 83' lang='lat' dir='ltr'><strong>lectum</strong></span> <span class='ocrx_word' id='word_1_67' title='bbox 740 1242 800 1304; x_wconf 85' lang='lat' dir='ltr'><strong>luit</strong></span> <span class='ocrx_word' id='word_1_68' title='bbox 813 1241 980 1304; x_wconf 85' lang='lat' dir='ltr'><strong>recordum</strong></span> <span class='ocrx_word' id='word_1_69' title='bbox 993 1241 1089 1304; x_wconf 88' lang='lat' dir='ltr'><strong>rotuli</strong></span> <span class='ocrx_word' id='word_1_70' title='bbox 1101 1239 1286 1316; x_wconf 75' lang='lat' dir='ltr'><strong>lustitisrii,</strong></span> <span class='ocrx_word' id='word_1_71' title='bbox 1295 1238 1328 1303; x_wconf 91' lang='lat' dir='ltr'><strong>in</strong></span> <span class='ocrx_word' id='word_1_72' title='bbox 1340 1260 1405 1323; x_wconf 94' lang='lat' dir='ltr'><strong>quo</strong></span> <span class='ocrx_word' id='word_1_73' title='bbox 1417 1236 1621 1321; x_wconf 72' lang='lat' dir='ltr'><strong>specificatur</strong></span> 
     </span>
     <span class='ocr_line' id='line_1_9' title="bbox 474 1339 1622 1428; baseline 0 -25"><span class='ocrx_word' id='word_1_74' title='bbox 474 1341 514 1403; x_wconf 91' lang='lat' dir='ltr'><strong>dc</strong></span> <span class='ocrx_word' id='word_1_75' title='bbox 530 1364 685 1427; x_wconf 86' lang='lat' dir='ltr'><strong>responso</strong></span> <span class='ocrx_word' id='word_1_76' title='bbox 701 1345 785 1407; x_wconf 81' lang='lat' dir='ltr'><strong>lncto</strong></span> <span class='ocrx_word' id='word_1_77' title='bbox 797 1344 939 1407; x_wconf 87' lang='lat' dir='ltr'><strong>Domino</strong></span> <span class='ocrx_word' id='word_1_78' title='bbox 954 1343 1031 1425; x_wconf 81' lang='lat' dir='ltr'><strong>Regi</strong></span> <span class='ocrx_word' id='word_1_79' title='bbox 1045 1366 1103 1428; x_wconf 90' lang='lat' dir='ltr'><strong>pro</strong></span> <span class='ocrx_word' id='word_1_80' title='bbox 1115 1352 1306 1426; x_wconf 83' lang='lat' dir='ltr'><strong>contemptu</strong></span> <span class='ocrx_word' id='word_1_81' title='bbox 1317 1339 1463 1404; x_wconf 75' lang='lat' dir='ltr'>brevium</span> <span class='ocrx_word' id='word_1_82' title='bbox 1475 1360 1622 1417; x_wconf 83' lang='lat' dir='ltr'><strong>suorum,</strong></span> 
     </span>
     <span class='ocr_line' id='line_1_10' title="bbox 474 1440 1624 1529; baseline -0.002 -22"><span class='ocrx_word' id='word_1_83' title='bbox 474 1456 584 1529; x_wconf 77' lang='lat' dir='ltr'><strong>operte</strong></span> <span class='ocrx_word' id='word_1_84' title='bbox 598 1458 632 1508; x_wconf 91' lang='lat' dir='ltr'><strong>et</strong></span> <span class='ocrx_word' id='word_1_85' title='bbox 647 1445 797 1509; x_wconf 82' lang='lat' dir='ltr'><strong>distincte</strong></span> <span class='ocrx_word' id='word_1_86' title='bbox 822 1445 1035 1508; x_wconf 81' lang='lat' dir='ltr'><strong>irrotulstum.</strong></span> <span class='ocrx_word' id='word_1_87' title='bbox 1081 1446 1132 1508; x_wconf 85' lang='lat' dir='ltr'><strong>De</strong></span> <span class='ocrx_word' id='word_1_88' title='bbox 1154 1444 1336 1508; x_wconf 82' lang='lat' dir='ltr'><strong>nsrrstione</strong></span> <span class='ocrx_word' id='word_1_89' title='bbox 1351 1462 1427 1506; x_wconf 86' lang='lat' dir='ltr'><strong>reru</strong></span> <span class='ocrx_word' id='word_1_90' title='bbox 1443 1440 1572 1505; x_wconf 76' lang='lat' dir='ltr'><strong>Civium</strong></span> <span class='ocrx_word' id='word_1_91' title='bbox 1587 1450 1624 1505; x_wconf 83' lang='lat' dir='ltr'><strong>et</strong></span> 
     </span>
     <span class='ocr_line' id='line_1_11' title="bbox 476 1542 1622 1631; baseline -0.002 -22"><span class='ocrx_word' id='word_1_92' title='bbox 476 1569 632 1631; x_wconf 86' lang='lat' dir='ltr'><strong>responso</strong></span> <span class='ocrx_word' id='word_1_93' title='bbox 657 1548 871 1629; x_wconf 67' lang='lat' dir='ltr'><strong>Burgensium</strong></span> <span class='ocrx_word' id='word_1_94' title='bbox 896 1568 1009 1631; x_wconf 89' lang='lat' dir='ltr'><strong>psrum</strong></span> <span class='ocrx_word' id='word_1_95' title='bbox 1035 1557 1091 1609; x_wconf 82' lang='lat' dir='ltr'><strong>sut</strong></span> <span class='ocrx_word' id='word_1_96' title='bbox 1117 1545 1215 1610; x_wconf 82' lang='lat' dir='ltr'><strong>nichil</strong></span> <span class='ocrx_word' id='word_1_97' title='bbox 1237 1544 1393 1630; x_wconf 88' lang='lat' dir='ltr'><strong>scriptum</strong></span> <span class='ocrx_word' id='word_1_98' title='bbox 1416 1554 1477 1607; x_wconf 83' lang='lat' dir='ltr'><strong>est.</strong></span> <span class='ocrx_word' id='word_1_99' title='bbox 1522 1542 1622 1607; x_wconf 77' lang='lat' dir='ltr'><strong>Cives</strong></span> 
     </span>
     <span class='ocr_line' id='line_1_12' title="bbox 475 1644 1620 1733; baseline -0.002 -23"><span class='ocrx_word' id='word_1_100' title='bbox 475 1661 583 1712; x_wconf 85' lang='lat' dir='ltr'><strong>sutem</strong></span> <span class='ocrx_word' id='word_1_101' title='bbox 606 1650 768 1725; x_wconf 82' lang='lat' dir='ltr'><strong>dixerunt,</strong></span> <span class='ocrx_word' id='word_1_102' title='bbox 790 1649 876 1733; x_wconf 86' lang='lat' dir='ltr'><strong>quod</strong></span> <span class='ocrx_word' id='word_1_103' title='bbox 903 1647 963 1732; x_wconf 84' lang='lat' dir='ltr'><strong>ipsi</strong></span> <span class='ocrx_word' id='word_1_104' title='bbox 991 1659 1201 1713; x_wconf 82' lang='lat' dir='ltr'><strong>nsrrsverunt</strong></span> <span class='ocrx_word' id='word_1_105' title='bbox 1216 1668 1328 1712; x_wconf 74' lang='lat' dir='ltr'><strong>versus</strong></span> <span class='ocrx_word' id='word_1_106' title='bbox 1343 1646 1427 1722; x_wconf 91' lang='lat' dir='ltr'><strong>illos,</strong></span> <span class='ocrx_word' id='word_1_107' title='bbox 1447 1644 1533 1731; x_wconf 89' lang='lat' dir='ltr'><strong>quod</strong></span> <span class='ocrx_word' id='word_1_108' title='bbox 1556 1645 1620 1730; x_wconf 85' lang='lat' dir='ltr'><strong>ipsi</strong></span> 
     </span>
     <span class='ocr_line' id='line_1_13' title="bbox 477 1745 1624 1835; baseline -0.003 -23"><span class='ocrx_word' id='word_1_109' title='bbox 477 1751 596 1835; x_wconf 80' lang='lat' dir='ltr'><strong>injuste</strong></span> <span class='ocrx_word' id='word_1_110' title='bbox 612 1752 814 1816; x_wconf 82' lang='lat' dir='ltr'><strong>retinuerunt</strong></span> <span class='ocrx_word' id='word_1_111' title='bbox 829 1751 946 1814; x_wconf 80' lang='lat' dir='ltr'><strong>lilicros</strong></span> <span class='ocrx_word' id='word_1_112' title='bbox 962 1750 1109 1814; x_wconf 85' lang='lat' dir='ltr'><strong>homines</strong></span> <span class='ocrx_word' id='word_1_113' title='bbox 1125 1771 1213 1825; x_wconf 89' lang='lat' dir='ltr'><strong>suos,</strong></span> <span class='ocrx_word' id='word_1_114' title='bbox 1228 1760 1340 1811; x_wconf 79' lang='lat' dir='ltr'><strong>contre</strong></span> <span class='ocrx_word' id='word_1_115' title='bbox 1355 1745 1518 1810; x_wconf 69' lang='lat' dir='ltr'><strong>libertates</strong></span> <span class='ocrx_word' id='word_1_116' title='bbox 1534 1746 1624 1811; x_wconf 74' lang='lat' dir='ltr'><strong>lon·</strong></span> 
     </span>
     <span class='ocr_line' id='line_1_14' title="bbox 477 1849 1625 1938; baseline 0.001 -24"><span class='ocrx_word' id='word_1_117' title='bbox 477 1851 657 1929; x_wconf 78' lang='lat' dir='ltr'><strong>dommum,</strong></span> <span class='ocrx_word' id='word_1_118' title='bbox 680 1866 755 1938; x_wconf 85' lang='lat' dir='ltr'><strong>post</strong></span> <span class='ocrx_word' id='word_1_119' title='bbox 778 1854 995 1937; x_wconf 79' lang='lat' dir='ltr'>receptionem</span> <span class='ocrx_word' id='word_1_120' title='bbox 1011 1851 1156 1917; x_wconf 80' lang='lat' dir='ltr'>brevium</span> <span class='ocrx_word' id='word_1_121' title='bbox 1179 1851 1312 1917; x_wconf 82' lang='lat' dir='ltr'><strong>Domini</strong></span> <span class='ocrx_word' id='word_1_122' title='bbox 1340 1851 1448 1935; x_wconf 76' lang='lat' dir='ltr'><strong>Regis,</strong></span> <span class='ocrx_word' id='word_1_123' title='bbox 1462 1860 1496 1914; x_wconf 86' lang='lat' dir='ltr'><strong>et</strong></span> <span class='ocrx_word' id='word_1_124' title='bbox 1509 1849 1625 1915; x_wconf 81' lang='lat' dir='ltr'><strong>cstslls</strong></span> 
     </span>
     <span class='ocr_line' id='line_1_15' title="bbox 476 1952 1624 2039; baseline -0.001 -23"><span class='ocrx_word' id='word_1_125' title='bbox 476 1953 694 2037; x_wconf 85' lang='lat' dir='ltr'><strong>predictorum</strong></span> <span class='ocrx_word' id='word_1_126' title='bbox 710 1955 816 2017; x_wconf 86' lang='lat' dir='ltr'><strong>ndhuc</strong></span> <span class='ocrx_word' id='word_1_127' title='bbox 831 1956 987 2029; x_wconf 81' lang='lat' dir='ltr'><strong>detinent,</strong></span> <span class='ocrx_word' id='word_1_128' title='bbox 1002 1966 1035 2018; x_wconf 84' lang='lat' dir='ltr'><strong>et</strong></span> <span class='ocrx_word' id='word_1_129' title='bbox 1050 1953 1090 2016; x_wconf 88' lang='lat' dir='ltr'><strong>de</strong></span> <span class='ocrx_word' id='word_1_130' title='bbox 1105 1954 1177 2017; x_wconf 86' lang='lat' dir='ltr'><strong>uliis</strong></span> <span class='ocrx_word' id='word_1_131' title='bbox 1189 1952 1499 2039; x_wconf 67' lang='lat' dir='ltr'><strong>transgressionibus</strong></span> <span class='ocrx_word' id='word_1_132' title='bbox 1509 1972 1624 2015; x_wconf 78' lang='lat' dir='ltr'><strong>versus</strong></span> 
     </span>
     <span class='ocr_line' id='line_1_16' title="bbox 476 2054 1626 2138; baseline 0.003 -23"><span class='ocrx_word' id='word_1_133' title='bbox 476 2054 566 2138; x_wconf 80' lang='lat' dir='ltr'><strong>ipsos</strong></span> <span class='ocrx_word' id='word_1_134' title='bbox 582 2068 800 2132; x_wconf 73' lang='lat' dir='ltr'><strong>narraverunt,</strong></span> <span class='ocrx_word' id='word_1_135' title='bbox 816 2056 901 2120; x_wconf 85' lang='lat' dir='ltr'><strong>unde</strong></span> <span class='ocrx_word' id='word_1_136' title='bbox 917 2057 1100 2120; x_wconf 84' lang='lat' dir='ltr'><strong>deteriorsti</strong></span> <span class='ocrx_word' id='word_1_137' title='bbox 1115 2067 1235 2119; x_wconf 88' lang='lat' dir='ltr'><strong>suntet</strong></span> <span class='ocrx_word' id='word_1_138' title='bbox 1250 2054 1429 2137; x_wconf 84' lang='lat' dir='ltr'><strong>‹lsmpnurn</strong></span> <span class='ocrx_word' id='word_1_139' title='bbox 1440 2055 1626 2119; x_wconf 87' lang='lat' dir='ltr'><strong>hsbuerunt</strong></span> 
     </span>
     <span class='ocr_line' id='line_1_17' title="bbox 476 2156 1626 2243; baseline -0.002 -21"><span class='ocrx_word' id='word_1_140' title='bbox 476 2159 517 2222; x_wconf 88' lang='lat' dir='ltr'><strong>sd</strong></span> <span class='ocrx_word' id='word_1_141' title='bbox 534 2157 703 2221; x_wconf 79' lang='lat' dir='ltr'><strong>vslcntium</strong></span> <span class='ocrx_word' id='word_1_142' title='bbox 720 2158 830 2222; x_wconf 85' lang='lat' dir='ltr'><strong>dccem</strong></span> <span class='ocrx_word' id='word_1_143' title='bbox 846 2158 1010 2222; x_wconf 75' lang='lat' dir='ltr'><strong>librorum.</strong></span> <span class='ocrx_word' id='word_1_144' title='bbox 1054 2157 1107 2221; x_wconf 78' lang='lat' dir='ltr'><strong>Ad</strong></span> <span class='ocrx_word' id='word_1_145' title='bbox 1123 2159 1209 2242; x_wconf 91' lang='lat' dir='ltr'><strong>quod</strong></span> <span class='ocrx_word' id='word_1_146' title='bbox 1226 2156 1287 2242; x_wconf 86' lang='lat' dir='ltr'><strong>ipsi</strong></span> <span class='ocrx_word' id='word_1_147' title='bbox 1310 2157 1547 2243; x_wconf 87' lang='lat' dir='ltr'><strong>responderunt</strong></span> <span class='ocrx_word' id='word_1_148' title='bbox 1567 2157 1626 2233; x_wconf 80' lang='lat' dir='ltr'><strong>its,</strong></span> 
     </span>
     <span class='ocr_line' id='line_1_18' title="bbox 477 2259 1626 2345; baseline 0.003 -23"><span class='ocrx_word' id='word_1_149' title='bbox 477 2259 563 2344; x_wconf 91' lang='lat' dir='ltr'><strong>quod</strong></span> <span class='ocrx_word' id='word_1_150' title='bbox 581 2270 703 2344; x_wconf 83' lang='lat' dir='ltr'><strong>purtem</strong></span> <span class='ocrx_word' id='word_1_151' title='bbox 720 2272 975 2343; x_wconf 74' lang='lat' dir='ltr'><strong>recognoverunt</strong></span> <span class='ocrx_word' id='word_1_152' title='bbox 989 2272 1022 2324; x_wconf 94' lang='lat' dir='ltr'><strong>et</strong></span> <span class='ocrx_word' id='word_1_153' title='bbox 1037 2272 1159 2345; x_wconf 73' lang='lat' dir='ltr'><strong>purtem</strong></span> <span class='ocrx_word' id='word_1_154' title='bbox 1175 2261 1399 2339; x_wconf 78' lang='lat' dir='ltr'><strong>deiendemnt,</strong></span> <span class='ocrx_word' id='word_1_155' title='bbox 1412 2274 1447 2325; x_wconf 88' lang='lat' dir='ltr'><strong>et</strong></span> <span class='ocrx_word' id='word_1_156' title='bbox 1461 2262 1501 2327; x_wconf 87' lang='lat' dir='ltr'><strong>de</strong></span> <span class='ocrx_word' id='word_1_157' title='bbox 1516 2260 1578 2323; x_wconf 90' lang='lat' dir='ltr'><strong>hoc</strong></span> <span class='ocrx_word' id='word_1_158' title='bbox 1589 2280 1626 2325; x_wconf 86' lang='lat' dir='ltr'><strong>se</strong></span> 
     </span>
     <span class='ocr_line' id='line_1_19' title="bbox 477 2363 1626 2449; baseline -0.001 -22"><span class='ocrx_word' id='word_1_159' title='bbox 477 2374 605 2447; x_wconf 86' lang='lat' dir='ltr'><strong>ponunt</strong></span> <span class='ocrx_word' id='word_1_160' title='bbox 627 2384 724 2446; x_wconf 83' lang='lat' dir='ltr'><strong>super</strong></span> <span class='ocrx_word' id='word_1_161' title='bbox 741 2365 909 2427; x_wconf 82' lang='lat' dir='ltr'><strong>recordum</strong></span> <span class='ocrx_word' id='word_1_162' title='bbox 937 2363 1171 2448; x_wconf 79' lang='lat' dir='ltr'><strong>Episcoporum</strong></span> <span class='ocrx_word' id='word_1_163' title='bbox 1190 2376 1224 2427; x_wconf 87' lang='lat' dir='ltr'><strong>et</strong></span> <span class='ocrx_word' id='word_1_164' title='bbox 1248 2363 1424 2442; x_wconf 72' lang='lat' dir='ltr'><strong>Beronum,</strong></span> <span class='ocrx_word' id='word_1_165' title='bbox 1446 2364 1501 2449; x_wconf 85' lang='lat' dir='ltr'><strong>qui</strong></span> <span class='ocrx_word' id='word_1_166' title='bbox 1524 2363 1626 2427; x_wconf 87' lang='lat' dir='ltr'><strong>inter·</strong></span> 
     </span>
     <span class='ocr_line' id='line_1_20' title="bbox 478 2464 1626 2552; baseline 0.002 -23"><span class='ocrx_word' id='word_1_167' title='bbox 478 2466 608 2530; x_wconf 83' lang='lat' dir='ltr'><strong>luerunt</strong></span> <span class='ocrx_word' id='word_1_168' title='bbox 624 2466 679 2529; x_wconf 89' lang='lat' dir='ltr'><strong>illu</strong></span> <span class='ocrx_word' id='word_1_169' title='bbox 694 2465 758 2541; x_wconf 83' lang='lat' dir='ltr'><strong>die,</strong></span> <span class='ocrx_word' id='word_1_170' title='bbox 783 2477 816 2529; x_wconf 86' lang='lat' dir='ltr'><strong>et</strong></span> <span class='ocrx_word' id='word_1_171' title='bbox 842 2475 958 2551; x_wconf 87' lang='lat' dir='ltr'><strong>petunt</strong></span> <span class='ocrx_word' id='word_1_172' title='bbox 982 2464 1056 2527; x_wconf 83' lang='lat' dir='ltr'><strong>inde</strong></span> <span class='ocrx_word' id='word_1_173' title='bbox 1078 2464 1248 2548; x_wconf 85' lang='lat' dir='ltr'><strong>judicium.</strong></span> <span class='ocrx_word' id='word_1_174' title='bbox 1295 2466 1414 2532; x_wconf 82' lang='lat' dir='ltr'><strong>Petunt</strong></span> <span class='ocrx_word' id='word_1_175' title='bbox 1428 2468 1524 2533; x_wconf 75' lang='lat' dir='ltr'><strong>etium</strong></span> <span class='ocrx_word' id='word_1_176' title='bbox 1536 2466 1626 2552; x_wconf 83' lang='lat' dir='ltr'><strong>judi·</strong></span> 
     </span>
     <span class='ocr_line' id='line_1_21' title="bbox 478 2567 1627 2651; baseline 0.003 -19"><span class='ocrx_word' id='word_1_177' title='bbox 478 2570 562 2632; x_wconf 84' lang='lat' dir='ltr'><strong>cium</strong></span> <span class='ocrx_word' id='word_1_178' title='bbox 580 2567 620 2632; x_wconf 88' lang='lat' dir='ltr'><strong>de</strong></span> <span class='ocrx_word' id='word_1_179' title='bbox 636 2590 719 2631; x_wconf 81' lang='lat' dir='ltr'><strong>noro</strong></span> <span class='ocrx_word' id='word_1_180' title='bbox 734 2579 821 2630; x_wconf 73' lang='lat' dir='ltr'><strong>‹nrts</strong></span> <span class='ocrx_word' id='word_1_181' title='bbox 838 2567 1065 2649; x_wconf 69' lang='lat' dir='ltr'><strong>Burgcnsium,</strong></span> <span class='ocrx_word' id='word_1_182' title='bbox 1086 2589 1148 2651; x_wconf 87' lang='lat' dir='ltr'><strong>qus</strong></span> <span class='ocrx_word' id='word_1_183' title='bbox 1171 2568 1291 2632; x_wconf 88' lang='lat' dir='ltr'><strong>nullius</strong></span> <span class='ocrx_word' id='word_1_184' title='bbox 1306 2568 1403 2635; x_wconf 83' lang='lat' dir='ltr'><strong>debet</strong></span> <span class='ocrx_word' id='word_1_185' title='bbox 1421 2591 1493 2635; x_wconf 85' lang='lat' dir='ltr'><strong>esse</strong></span> <span class='ocrx_word' id='word_1_186' title='bbox 1507 2572 1627 2636; x_wconf 84' lang='lat' dir='ltr'><strong>rsloris</strong></span> 
     </span>
     <span class='ocr_line' id='line_1_22' title="bbox 478 2669 1627 2754; baseline 0.006 -22"><span class='ocrx_word' id='word_1_187' title='bbox 478 2669 633 2732; x_wconf 73' lang='lat' dir='ltr'><strong>adversus</strong></span> <span class='ocrx_word' id='word_1_188' title='bbox 648 2682 752 2733; x_wconf 71' lang='lat' dir='ltr'><strong>cartu</strong></span> <span class='ocrx_word' id='word_1_189' title='bbox 768 2669 909 2746; x_wconf 76' lang='lat' dir='ltr'><strong>Civium,</strong></span> <span class='ocrx_word' id='word_1_190' title='bbox 924 2692 1003 2753; x_wconf 87' lang='lat' dir='ltr'><strong>quss</strong></span> <span class='ocrx_word' id='word_1_191' title='bbox 1016 2670 1194 2754; x_wconf 77' lang='lat' dir='ltr'><strong>proferunt,</strong></span> <span class='ocrx_word' id='word_1_192' title='bbox 1208 2670 1341 2750; x_wconf 86' lang='lat' dir='ltr'><strong>scilicet,</strong></span> <span class='ocrx_word' id='word_1_193' title='bbox 1355 2684 1475 2737; x_wconf 79' lang='lat' dir='ltr'><strong>usrtsm</strong></span> <span class='ocrx_word' id='word_1_194' title='bbox 1492 2673 1627 2739; x_wconf 77' lang='lat' dir='ltr'><strong>Henrid</strong></span> 
     </span>
     <span class='ocr_line' id='line_1_23' title="bbox 481 2772 1625 2859; baseline 0.006 -24"><span class='ocrx_word' id='word_1_195' title='bbox 481 2772 578 2857; x_wconf 76' lang='lat' dir='ltr'><strong>Regis</strong></span> <span class='ocrx_word' id='word_1_196' title='bbox 590 2773 736 2849; x_wconf 86' lang='lat' dir='ltr'><strong>secundi,</strong></span> <span class='ocrx_word' id='word_1_197' title='bbox 754 2772 882 2835; x_wconf 83' lang='lat' dir='ltr'><strong>Ricsrdi</strong></span> <span class='ocrx_word' id='word_1_198' title='bbox 896 2773 1002 2853; x_wconf 72' lang='lat' dir='ltr'><strong>Regis,</strong></span> <span class='ocrx_word' id='word_1_199' title='bbox 1012 2773 1032 2836; x_wconf 89' lang='lat' dir='ltr'>J</span> <span class='ocrx_word' id='word_1_200' title='bbox 1036 2773 1173 2837; x_wconf 70' lang='lat' dir='ltr'><strong>ohannis</strong></span> <span class='ocrx_word' id='word_1_201' title='bbox 1185 2774 1293 2859; x_wconf 77' lang='lat' dir='ltr'><strong>Regis,</strong></span> <span class='ocrx_word' id='word_1_202' title='bbox 1307 2787 1342 2838; x_wconf 87' lang='lat' dir='ltr'><strong>et</strong></span> <span class='ocrx_word' id='word_1_203' title='bbox 1356 2786 1476 2839; x_wconf 75' lang='lat' dir='ltr'><strong>mrum</strong></span> <span class='ocrx_word' id='word_1_204' title='bbox 1490 2776 1625 2843; x_wconf 86' lang='lat' dir='ltr'><strong>Domini</strong></span> 
     </span>
     <span class='ocr_line' id='line_1_24' title="bbox 481 2874 1627 2959; baseline 0.006 -21"><span class='ocrx_word' id='word_1_205' title='bbox 481 2874 578 2955; x_wconf 79' lang='lat' dir='ltr'><strong>Regis</strong></span> <span class='ocrx_word' id='word_1_206' title='bbox 602 2874 657 2958; x_wconf 86' lang='lat' dir='ltr'><strong>qui</strong></span> <span class='ocrx_word' id='word_1_207' title='bbox 681 2896 767 2938; x_wconf 93' lang='lat' dir='ltr'><strong>nunc</strong></span> <span class='ocrx_word' id='word_1_208' title='bbox 789 2885 851 2949; x_wconf 84' lang='lat' dir='ltr'><strong>est,</strong></span> <span class='ocrx_word' id='word_1_209' title='bbox 872 2884 906 2939; x_wconf 84' lang='lat' dir='ltr'><strong>et</strong></span> <span class='ocrx_word' id='word_1_210' title='bbox 928 2874 1014 2958; x_wconf 91' lang='lat' dir='ltr'><strong>quod</strong></span> <span class='ocrx_word' id='word_1_211' title='bbox 1039 2875 1101 2959; x_wconf 88' lang='lat' dir='ltr'><strong>ipsi</strong></span> <span class='ocrx_word' id='word_1_212' title='bbox 1125 2878 1250 2941; x_wconf 89' lang='lat' dir='ltr'><strong>suntin</strong></span> <span class='ocrx_word' id='word_1_213' title='bbox 1266 2876 1384 2943; x_wconf 85' lang='lat' dir='ltr'><strong>seisins</strong></span> <span class='ocrx_word' id='word_1_214' title='bbox 1408 2877 1449 2943; x_wconf 88' lang='lat' dir='ltr'><strong>de</strong></span> <span class='ocrx_word' id='word_1_215' title='bbox 1472 2877 1627 2945; x_wconf 87' lang='lat' dir='ltr'><strong>omnibus</strong></span> 
     </span>
     <span class='ocr_line' id='line_1_25' title="bbox 480 2975 1194 3062; baseline 0.006 -22"><span class='ocrx_word' id='word_1_216' title='bbox 480 2975 681 3040; x_wconf 80' lang='lat' dir='ltr'><strong>libertstibus</strong></span> <span class='ocrx_word' id='word_1_217' title='bbox 696 2978 729 3040; x_wconf 93' lang='lat' dir='ltr'><strong>in</strong></span> <span class='ocrx_word' id='word_1_218' title='bbox 746 2976 897 3062; x_wconf 82' lang='lat' dir='ltr'><strong>predictis</strong></span> <span class='ocrx_word' id='word_1_219' title='bbox 910 2978 1006 3040; x_wconf 78' lang='lat' dir='ltr'><strong>curtis</strong></span> <span class='ocrx_word' id='word_1_220' title='bbox 1021 2981 1194 3044; x_wconf 85' lang='lat' dir='ltr'><strong>contentis.</strong></span> 
     </span>
    </p>

    <p class='ocr_par' dir='ltr' id='par_1_3' title="bbox 479 3078 1631 3655">
     <span class='ocr_line' id='line_1_26' title="bbox 523 3078 1628 3168; baseline 0.009 -27"><span class='ocrx_word' id='word_1_221' title='bbox 523 3078 680 3153; x_wconf 74' lang='lat' dir='ltr'><strong>Tandem,</strong></span> <span class='ocrx_word' id='word_1_222' title='bbox 709 3079 820 3142; x_wconf 88' lang='lat' dir='ltr'><strong>multis</strong></span> <span class='ocrx_word' id='word_1_223' title='bbox 843 3078 1105 3143; x_wconf 82' lang='lat' dir='ltr'><strong>sltercstionibus</strong></span> <span class='ocrx_word' id='word_1_224' title='bbox 1129 3081 1213 3147; x_wconf 86' lang='lat' dir='ltr'><strong>inter</strong></span> <span class='ocrx_word' id='word_1_225' title='bbox 1235 3082 1324 3168; x_wconf 84' lang='lat' dir='ltr'><strong>ipsos</strong></span> <span class='ocrx_word' id='word_1_226' title='bbox 1346 3083 1450 3162; x_wconf 77' lang='lat' dir='ltr'><strong>lectis,</strong></span> <span class='ocrx_word' id='word_1_227' title='bbox 1477 3083 1628 3153; x_wconf 77' lang='lat' dir='ltr'><strong>lubitum</strong></span> 
     </span>
     <span class='ocr_line' id='line_1_27' title="bbox 479 3180 1631 3274; baseline 0.009 -30"><span class='ocrx_word' id='word_1_228' title='bbox 479 3193 530 3244; x_wconf 91' lang='lat' dir='ltr'><strong>est</strong></span> <span class='ocrx_word' id='word_1_229' title='bbox 545 3180 739 3265; x_wconf 82' lang='lat' dir='ltr'><strong>colloquium</strong></span> <span class='ocrx_word' id='word_1_230' title='bbox 756 3193 788 3244; x_wconf 88' lang='lat' dir='ltr'><strong>ct</strong></span> <span class='ocrx_word' id='word_1_231' title='bbox 810 3180 979 3244; x_wconf 86' lang='lat' dir='ltr'><strong>consilium</strong></span> <span class='ocrx_word' id='word_1_232' title='bbox 995 3203 1101 3245; x_wconf 79' lang='lat' dir='ltr'><strong>curem</strong></span> <span class='ocrx_word' id='word_1_233' title='bbox 1126 3183 1269 3249; x_wconf 90' lang='lat' dir='ltr'><strong>Domino</strong></span> <span class='ocrx_word' id='word_1_234' title='bbox 1293 3186 1380 3271; x_wconf 71' lang='lat' dir='ltr'><strong>Rege</strong></span> <span class='ocrx_word' id='word_1_235' title='bbox 1401 3209 1460 3274; x_wconf 87' lang='lat' dir='ltr'><strong>per</strong></span> <span class='ocrx_word' id='word_1_236' title='bbox 1485 3187 1631 3255; x_wconf 83' lang='lat' dir='ltr'><strong>Bsrones</strong></span> 
     </span>
     <span class='ocr_line' id='line_1_28' title="bbox 482 3283 1631 3376; baseline 0.003 -29"><span class='ocrx_word' id='word_1_237' title='bbox 482 3308 569 3360; x_wconf 85' lang='lat' dir='ltr'><strong>suos,</strong></span> <span class='ocrx_word' id='word_1_238' title='bbox 585 3296 617 3347; x_wconf 91' lang='lat' dir='ltr'><strong>ct</strong></span> <span class='ocrx_word' id='word_1_239' title='bbox 632 3284 706 3368; x_wconf 91' lang='lat' dir='ltr'><strong>quis</strong></span> <span class='ocrx_word' id='word_1_240' title='bbox 724 3283 875 3368; x_wconf 78' lang='lat' dir='ltr'><strong>Episcopi</strong></span> <span class='ocrx_word' id='word_1_241' title='bbox 891 3296 924 3347; x_wconf 88' lang='lat' dir='ltr'><strong>et</strong></span> <span class='ocrx_word' id='word_1_242' title='bbox 939 3284 991 3347; x_wconf 86' lang='lat' dir='ltr'><strong>ulii</strong></span> <span class='ocrx_word' id='word_1_243' title='bbox 1007 3285 1063 3369; x_wconf 92' lang='lat' dir='ltr'><strong>qui</strong></span> <span class='ocrx_word' id='word_1_244' title='bbox 1078 3285 1291 3350; x_wconf 73' lang='lat' dir='ltr'><strong>interfuerunt</strong></span> <span class='ocrx_word' id='word_1_245' title='bbox 1303 3287 1359 3351; x_wconf 94' lang='lat' dir='ltr'><strong>illo</strong></span> <span class='ocrx_word' id='word_1_246' title='bbox 1372 3288 1436 3366; x_wconf 76' lang='lat' dir='ltr'><strong>clio,</strong></span> <span class='ocrx_word' id='word_1_247' title='bbox 1451 3312 1516 3374; x_wconf 92' lang='lat' dir='ltr'><strong>quo</strong></span> <span class='ocrx_word' id='word_1_248' title='bbox 1531 3290 1631 3376; x_wconf 75' lang='lat' dir='ltr'><strong>plsd.</strong></span> 
     </span>
     <span class='ocr_line' id='line_1_29' title="bbox 482 3386 1630 3476; baseline 0.006 -25"><span class='ocrx_word' id='word_1_249' title='bbox 482 3400 551 3451; x_wconf 89' lang='lat' dir='ltr'><strong>tum</strong></span> <span class='ocrx_word' id='word_1_250' title='bbox 568 3388 646 3450; x_wconf 90' lang='lat' dir='ltr'><strong>illud</strong></span> <span class='ocrx_word' id='word_1_251' title='bbox 663 3387 851 3472; x_wconf 72' lang='lat' dir='ltr'><strong>placitatum</strong></span> <span class='ocrx_word' id='word_1_252' title='bbox 876 3386 947 3461; x_wconf 83' lang='lat' dir='ltr'><strong>luit,</strong></span> <span class='ocrx_word' id='word_1_253' title='bbox 974 3408 1039 3449; x_wconf 93' lang='lat' dir='ltr'><strong>non</strong></span> <span class='ocrx_word' id='word_1_254' title='bbox 1055 3388 1184 3452; x_wconf 81' lang='lat' dir='ltr'><strong>luerunt</strong></span> <span class='ocrx_word' id='word_1_255' title='bbox 1207 3400 1385 3471; x_wconf 82' lang='lat' dir='ltr'><strong>presentes,</strong></span> <span class='ocrx_word' id='word_1_256' title='bbox 1408 3392 1550 3476; x_wconf 86' lang='lat' dir='ltr'><strong>positum</strong></span> <span class='ocrx_word' id='word_1_257' title='bbox 1566 3393 1630 3458; x_wconf 83' lang='lat' dir='ltr'><strong>luit</strong></span> 
     </span>
     <span class='ocr_line' id='line_1_30' title="bbox 483 3490 1629 3581; baseline 0.007 -29"><span class='ocrx_word' id='word_1_258' title='bbox 483 3490 560 3553; x_wconf 86' lang='lat' dir='ltr'><strong>illud</strong></span> <span class='ocrx_word' id='word_1_259' title='bbox 584 3490 740 3573; x_wconf 90' lang='lat' dir='ltr'><strong>judicium</strong></span> <span class='ocrx_word' id='word_1_260' title='bbox 758 3490 789 3553; x_wconf 90' lang='lat' dir='ltr'><strong>in</strong></span> <span class='ocrx_word' id='word_1_261' title='bbox 817 3500 965 3573; x_wconf 85' lang='lat' dir='ltr'><strong>respectu</strong></span> <span class='ocrx_word' id='word_1_262' title='bbox 980 3510 1082 3574; x_wconf 86' lang='lat' dir='ltr'><strong>usque</strong></span> <span class='ocrx_word' id='word_1_263' title='bbox 1097 3490 1138 3554; x_wconf 85' lang='lat' dir='ltr'><strong>sd</strong></span> <span class='ocrx_word' id='word_1_264' title='bbox 1161 3490 1302 3575; x_wconf 87' lang='lat' dir='ltr'><strong>quinque</strong></span> <span class='ocrx_word' id='word_1_265' title='bbox 1329 3494 1527 3576; x_wconf 81' lang='lat' dir='ltr'><strong>septimsnss</strong></span> <span class='ocrx_word' id='word_1_266' title='bbox 1551 3506 1629 3581; x_wconf 85' lang='lat' dir='ltr'><strong>post</strong></span> 
     </span>
     <span class='ocr_line' id='line_1_31' title="bbox 485 3592 650 3655; baseline -0.012 0"><span class='ocrx_word' id='word_1_267' title='bbox 485 3592 650 3655; x_wconf 71' lang='lat' dir='ltr'><strong>Proelium.</strong></span> 
     </span>
    </p>

    <p class='ocr_par' dir='ltr' id='par_1_4' title="bbox 483 3692 1634 3984">
     <span class='ocr_line' id='line_1_32' title="bbox 527 3692 1632 3780; baseline 0.005 -23"><span class='ocrx_word' id='word_1_268' title='bbox 527 3695 621 3757; x_wconf 77' lang='lat' dir='ltr'><strong>Circe</strong></span> <span class='ocrx_word' id='word_1_269' title='bbox 632 3693 716 3756; x_wconf 80' lang='lat' dir='ltr'><strong>idem</strong></span> <span class='ocrx_word' id='word_1_270' title='bbox 729 3706 870 3779; x_wconf 89' lang='lat' dir='ltr'><strong>tempus,</strong></span> <span class='ocrx_word' id='word_1_271' title='bbox 882 3694 914 3758; x_wconf 88' lang='lat' dir='ltr'><strong>in</strong></span> <span class='ocrx_word' id='word_1_272' title='bbox 927 3693 1180 3780; x_wconf 76' lang='lat' dir='ltr'><strong>qusdrsgesims,</strong></span> <span class='ocrx_word' id='word_1_273' title='bbox 1192 3692 1361 3780; x_wconf 88' lang='lat' dir='ltr'><strong>Philippus</strong></span> <span class='ocrx_word' id='word_1_274' title='bbox 1375 3693 1416 3759; x_wconf 80' lang='lat' dir='ltr'><strong>tle</strong></span> <span class='ocrx_word' id='word_1_275' title='bbox 1430 3695 1632 3777; x_wconf 79' lang='lat' dir='ltr'><strong>Dollsunrle,</strong></span> 
     </span>
     <span class='ocr_line' id='line_1_33' title="bbox 483 3795 1633 3885; baseline 0.008 -28"><span class='ocrx_word' id='word_1_276' title='bbox 483 3817 570 3858; x_wconf 88' lang='lat' dir='ltr'><strong>unus</strong></span> <span class='ocrx_word' id='word_1_277' title='bbox 600 3795 803 3858; x_wconf 80' lang='lat' dir='ltr'><strong>msrcscsllus</strong></span> <span class='ocrx_word' id='word_1_278' title='bbox 835 3796 967 3859; x_wconf 89' lang='lat' dir='ltr'><strong>Domini</strong></span> <span class='ocrx_word' id='word_1_279' title='bbox 996 3797 1104 3881; x_wconf 72' lang='lat' dir='ltr'><strong>Regis,</strong></span> <span class='ocrx_word' id='word_1_280' title='bbox 1129 3798 1184 3882; x_wconf 92' lang='lat' dir='ltr'><strong>qui</strong></span> <span class='ocrx_word' id='word_1_281' title='bbox 1210 3818 1338 3883; x_wconf 85' lang='lat' dir='ltr'><strong>semper</strong></span> <span class='ocrx_word' id='word_1_282' title='bbox 1360 3799 1633 3885; x_wconf 81' lang='lat' dir='ltr'><strong>oslumpnsrerst,</strong></span> 
     </span>
     <span class='ocr_line' id='line_1_34' title="bbox 484 3896 1634 3984; baseline 0.01 -26"><span class='ocrx_word' id='word_1_283' title='bbox 484 3896 572 3981; x_wconf 91' lang='lat' dir='ltr'><strong>quod</strong></span> <span class='ocrx_word' id='word_1_284' title='bbox 585 3896 682 3959; x_wconf 75' lang='lat' dir='ltr'><strong>Cives</strong></span> <span class='ocrx_word' id='word_1_285' title='bbox 700 3896 941 3961; x_wconf 83' lang='lat' dir='ltr'><strong>Londonisrum</strong></span> <span class='ocrx_word' id='word_1_286' title='bbox 957 3897 1112 3963; x_wconf 82' lang='lat' dir='ltr'><strong>deberent</strong></span> <span class='ocrx_word' id='word_1_287' title='bbox 1122 3901 1317 3984; x_wconf 83' lang='lat' dir='ltr'><strong>respondere</strong></span> <span class='ocrx_word' id='word_1_288' title='bbox 1328 3922 1436 3966; x_wconf 75' lang='lat' dir='ltr'><strong>curum</strong></span> <span class='ocrx_word' id='word_1_289' title='bbox 1448 3904 1634 3969; x_wconf 71' lang='lat' dir='ltr'><strong>Senesnllo</strong></span> 
     </span>
    </p>
   </div>
   <div class='ocr_carea' id='block_1_3' title="bbox 487 3998 1635 4089">
    <p class='ocr_par' dir='ltr' id='par_1_5' title="bbox 487 3998 1635 4089">
     <span class='ocr_line' id='line_1_35' title="bbox 487 3998 1635 4089; baseline 0.01 -29"><span class='ocrx_word' id='word_1_290' title='bbox 487 3999 596 4085; x_wconf 74' lang='lat' dir='ltr'><strong>Regis,</strong></span> <span class='ocrx_word' id='word_1_291' title='bbox 610 3998 898 4085; x_wconf 84' lang='lat' dir='ltr'><strong>quotienscumque</strong></span> <span class='ocrx_word' id='word_1_292' title='bbox 913 4000 1029 4085; x_wconf 78' lang='lat' dir='ltr'><strong>uliquis</strong></span> <span class='ocrx_word' id='word_1_293' title='bbox 1042 4000 1083 4065; x_wconf 81' lang='lat' dir='ltr'><strong>tls</strong></span> <span class='ocrx_word' id='word_1_294' title='bbox 1105 4001 1226 4067; x_wconf 67' lang='lat' dir='ltr'><strong>fimitis</strong></span> <span class='ocrx_word' id='word_1_295' title='bbox 1248 4003 1346 4087; x_wconf 73' lang='lat' dir='ltr'><strong>Regis</strong></span> <span class='ocrx_word' id='word_1_296' title='bbox 1367 4018 1577 4089; x_wconf 68' lang='lat' dir='ltr'><strong>conquerunt</strong></span> <span class='ocrx_word' id='word_1_297' title='bbox 1591 4005 1635 4072; x_wconf 79' lang='lat' dir='ltr'><strong>tls</strong></span> 
     </span>
    </p>
   </div>
   <div class='ocr_carea' id='block_1_4' title="bbox 0 0 1793 4830">
    <p class='ocr_par' dir='ltr' id='par_1_6' title="bbox 0 0 1793 4830">
     <span class='ocr_line' id='line_1_36' title="bbox 0 0 1793 4830; baseline 0 0"><span class='ocrx_word' id='word_1_298' title='bbox 0 0 1793 4830; x_wconf 95' lang='lat' dir='ltr'><strong> </strong></span> 
     </span>
    </p>
   </div>
  </div>
 </body>
</html>
