3540 4830
440 524 697 572 vtctcomwu
723 528 1009 574 eoxnomnun.
1237 516 1294 574 121

235 673 403 738 Gelfridus
419 676 459 740 de
476 677 652 762 Ruhinges.

236 777 381 861 Rogerus
397 778 563 866 Luvedey.

235 879 409 944 Heukinus
424 881 454 945 le
471 882 609 948 Plumer.

235 981 432 1047 Willellmue
448 984 488 1048 de
504 984 598 1049 Bixle
614 985 887 1073 stoefismongere.

232 1083 401 1148 Johannes
417 1086 457 1149 de
472 1085 667 1172 Oistregate.

234 1188 393 1272 Magister
409 1188 537 1268 Gwido,
554 1188 675 1254 Cieeor.

234 1290 397 1356 Henricus
413 1291 594 1378 Saunnays.

229 1392 254 1456 J
257 1393 401 1458 ohannes
417 1395 457 1458 de
473 1394 612 1460 Cumbe.

233 1495 396 1561 llenricus
412 1497 451 1560 de
469 1497 695 1583 Cepelestone.

228 1599 398 1664 Johannes
414 1600 454 1664 de
471 1600 634 1666 Coventre
648 1601 798 1665 ebrokur.

229 1701 386 1765 Ricardus
397 1705 527 1788 Ayewy‚
538 1702 688 1768 ebrokur.

231 1803 352 1868 Hudde
366 1804 396 1868 le
412 1805 582 1870 Beremen.

230 1905 351 1970 Hobbe
362 1905 446 1970 Lok.

228 2007 399 2072 Johennee
415 2006 455 2072 de
472 2007 575 2088 Flete,
589 2009 715 2076 barber.

228 2109 423 2175 Willielmue
439 2110 595 2190 Clericus,
611 2112 774 2178 Decenus.

227 2213 392 2278 Walterue
408 2214 448 2278 de
464 2212 643 2278 Muleham.

230 2313 387 2379 Ricardue
401 2314 667 2400 Wombeetrong.

228 2417 344 2480 Petrus
361 2415 401 2479 de
417 2416 596 2500 Heywode,
611 2416 784 2501 peisiuner.

226 2517 453 2595 Eadmundus,
467 2518 522 2604 qui
537 2517 600 2582 fuit
611 2540 685 2582 eum
702 2518 868 2604 Stephano
880 2516 1031 2584 Bukerel.

226 2621 362 2686 Colinue
379 2621 522 2700 Briente‚
542 2621 705 2688 Carnifex.

225 2727 372 2811 Regems
388 2725 428 2790 de
444 2724 655 2790 Piwelesdon.

225 2827 394 2906 Ricardus,
408 2829 506 2891 frater
521 2828 602 2912 ejus.

222 2932 366 2995 Thomas
382 2929 422 2995 de
438 2929 563 2995 Clavill.

224 3036 371 3120 Rogeme
386 3034 426 3099 de
439 3034 596 3120 Lydgete,
613 3056 744 3100 mercer.

223 3136 382 3200 nadulfus
398 3137 437 3200 de
449 3137 652 3219 Dudington.

225 3237 388 3301 Robertus
403 3236 491 3302 Stor.

223 3340 245 3403 J
248 3340 404 3417 ohannes,
419 3339 474 3422 qui
489 3339 551 3402 fuit
568 3360 641 3403 cum
655 3338 810 3404 „iohanne
826 3339 963 3404 Heirun.

223 3441 392 3506 Gilbertus
407 3442 438 3506 le
452 3443 614 3506 Armerer.

222 3543 416 3606 Willielmus
433 3542 585 3608 Sneoerd.

223 3646 328 3712 Adam
345 3647 385 3711 de
394 3647 614 3730 Ysemongere
628 3646 711 3710 lane.

224 3749 386 3815 Henricus
402 3749 443 3813 de
467 3748 685 3828 Hudendene,
700 3751 872 3814 'Pavonem

220 3854 390 3918 Johannee
405 3852 445 3916 de
461 3852 609 3932 Ianfere,
625 3853 800 3919 Chaluner.

138 3959 281 4022 Istorum
298 3955 430 4019 nomina
444 3966 669 4022 manserunt
683 3958 717 4021 in
733 3978 848 4021 manue
860 3954 1016 4021 Custodia
1029 3963 1065 4020 et
1074 3955 1284 4021 Bellivorum.

182 4062 255 4125 Hoc
280 4080 378 4138 enno,
402 4059 566 4146 pillorium
594 4071 684 4127 stane
709 4061 743 4126 in
767 4063 837 4128 foro
853 4059 1052 4125 confractum
1075 4058 1139 4123 suit
1153 4072 1285 4146 propter

178 4182 292 4227 cmo.
309 4182 383 4228 eoc.
1088 4183 1110 4226 n
