3540 4830
449 516 716 582 vrcacourroar,
732 516 1018 562 uovnonrasuu.
1244 504 1302 560 135

160 668 283 752 capella
298 668 478 753 solempnia
490 669 660 732 missarum
676 669 861 734 audientem
871 680 906 734 et
916 666 1118 733 orationibus
1126 678 1306 746 vacantem,

160 771 321 854 nichilque
351 770 426 833 mali
455 772 662 854 cogitantem,
677 794 775 835 manu
798 773 962 837 irruerunt
987 780 1119 849 armata,
1142 781 1175 836 et
1198 770 1307 856 ipsum

159 874 330 937 crudeliter
349 873 588 937 interfecerunt.
634 873 732 938 Quod
759 875 853 939 nobis
873 897 940 939 non
965 874 1035 938 sine
1062 895 1176 958 magna
1201 875 1307 938 cordia

160 976 372 1038 amaritudine
401 975 548 1038 dolentes
577 974 756 1052 referimus,
785 986 935 1059 rogantes
969 975 1121 1059 quatinus
1156 975 1307 1059 exequias

159 1077 304 1159 ejusdem
331 1078 446 1141 devote
473 1076 682 1154 celebrantes,
712 1076 797 1160 apud
827 1077 935 1142 Deum
961 1100 1022 1162 pro
1050 1099 1090 1143 eo
1120 1077 1309 1162 suppliciter

159 1178 356 1243 intercedere
379 1179 495 1256 velitis,
521 1191 559 1242 ut
584 1178 679 1242 nobis
702 1199 761 1263 pro
785 1177 860 1240 inde
880 1176 921 1241 ad
943 1179 1119 1264 condignas
1144 1179 1308 1243 valeamus

160 1303 325 1366 assurgere
339 1283 512 1366 gratiarum
539 1281 693 1345 actiones.
738 1279 861 1342 Datum
877 1280 963 1364 apud
984 1281 1197 1361 lstlevortbe,
1218 1281 1307 1365 xxiiij

161 1384 366 1468 dielAprilis,
381 1407 467 1449 anno
482 1383 571 1468 regni
583 1383 685 1446 nostri
701 1381 792 1464 xiiij0.

205 1485 245 1549 In
269 1486 409 1550 crastino
432 1484 642 1550 Ascensionia
659 1483 805 1559 Domini,
831 1483 953 1548 scilicet
979 1494 1058 1549 tunc
1083 1486 1240 1570 temporis
1266 1508 1309 1550 xv

161 1588 212 1651 die
229 1589 321 1665 Maii,
336 1599 496 1652 venerunt
510 1608 585 1652 ossa
600 1585 735 1650 Domini
758 1584 890 1650 Henrici
914 1585 954 1650 de
969 1586 1160 1650 Alemannis
1176 1587 1309 1651 [ondo-

163 1689 236 1766 niis,
259 1699 293 1752 et
307 1689 382 1753 inde
394 1689 534 1752 adducta
547 1686 588 1751 ad
610 1686 722 1751 Heiles
742 1686 783 1751 ad
799 1687 1032 1772 sepelliendum
1052 1687 1084 1751 in
1101 1687 1253 1752 abbathia
1268 1689 1308 1753 de

162 1790 276 1854 Heiles
292 1790 440 1855 alborum
455 1790 700 1869 monachorum,
717 1812 814 1876 quam
829 1799 922 1875 pater
935 1812 1016 1854 auus
1036 1790 1195 1869 mndavit,
1209 1802 1244 1856 et
1257 1802 1309 1856 eat

162 1913 263 1977 prope
279 1891 529 1957 Gloucestriam.

203 1994 447 2079 Transcriptum
471 1993 679 2071 Litterarum,
705 2014 785 2077 quas
811 1992 975 2057 Dominus
999 1995 1069 2059 Rex
1085 1994 1174 2060 misit
1189 1995 1308 2060 Maiori

161 2108 196 2161 et
210 2095 462 2161 vicecomitibus
479 2095 733 2173 Londoniarum,
755 2105 793 2159 ut
806 2095 959 2159 fecissent
973 2096 1170 2180 proclamare
1185 2119 1244 2183 per
1258 2109 1309 2163 to-

159 2211 226 2264 tam
243 2199 428 2276 Civitatem,
443 2198 528 2262 sicut
542 2196 745 2261 subnotatur.
791 2197 953 2262 Henricua
969 2199 1033 2264 Dei
1040 2200 1143 2284 gratia
1160 2200 1228 2265 Rex
1240 2203 1309 2265 An·

160 2301 234 2385 glie,
249 2304 306 2365 &c
319 2300 438 2363 Maiori
452 2310 486 2363 et
501 2296 753 2362 vicecomitibus
770 2297 1022 2379 Loudoniarum,
1038 2300 1185 2367 salutem.
1223 2304 1309 2367 Cum

163 2401 340 2465 Comitissa
355 2400 505 2464 Flandrie
520 2399 620 2476 lanas,
643 2398 729 2462 bona
753 2409 788 2462 et
810 2398 936 2463 diversa
960 2402 1167 2468 mercimonia
1188 2425 1310 2470 meroa-

162 2514 269 2567 torum
288 2503 377 2586 regni
399 2501 513 2581 nostri,
535 2501 618 2564 infra
643 2509 760 2564 terram
783 2511 817 2565 et
830 2512 1026 2587 potestatem
1050 2527 1142 2570 suam
1167 2505 1311 2586 inventa,

163 2627 228 2668 non
250 2605 356 2668 solum
371 2604 513 2682 meaturi,
536 2613 586 2666 set
600 2602 688 2687 quod
712 2602 854 2667 deteriiu
868 2615 930 2683 est,
944 2605 979 2668 in
994 2607 1212 2690 predictorum
1227 2631 1311 2673 mer·

161 2719 306 2771 catorum
330 2707 509 2791 dampnum
536 2705 800 2791 inrecuperabile,
819 2716 854 2772 et
868 2707 971 2771 nostri
991 2708 1198 2795 vituperium,
1212 2712 1310 2777 vendi

162 2810 283 2887 iecerit,
298 2810 338 2872 ad
354 2807 621 2873 innumerabilem
636 2808 773 2893 pecunie
788 2831 960 2890 summam,
975 2810 1124 2878 denarios
1139 2813 1214 2879 inde
1234 2836 1311 2900 pro·

161 2913 329 2977 venientes
352 2911 387 2975 in
413 2910 562 2996 proprios
585 2933 666 2975 usus
690 2913 909 2977 convertendo
921 2937 931 2991 ;
955 2914 1092 2999 Propter
1114 2917 1203 3003 quod
1225 2917 1310 2996 Nos,

161 3016 216 3100 qui
231 3015 407 3100 gravamini
419 3015 504 3079 dicte
520 3014 696 3080 comitisse
711 3015 814 3100 pridie
829 3015 1014 3081 studuimus
1029 3019 1209 3102 providere,
1217 3044 1309 3086 man·

162 3119 309 3181 davimus
334 3139 392 3201 per
414 3128 521 3181 totum
547 3138 682 3202 regnum
706 3127 855 3182 nostrum
879 3118 967 3202 quod
991 3120 1102 3184 omnia
1132 3121 1309 3187 Flandren·

162 3219 258 3295 sium,
281 3218 476 3302 ubicumque
502 3218 647 3282 locorum
676 3218 711 3281 in
740 3240 840 3303 regno
864 3229 976 3283 nostro
1001 3220 1134 3287 inventa
1159 3225 1308 3303 fuissent,

161 3328 387 3396 arestarentur,
408 3328 442 3382 et
464 3317 553 3381 salvo
568 3318 819 3396 custodirentur,
834 3319 937 3382 donec
951 3319 1039 3385 aliud
1054 3323 1130 3388 inde
1144 3326 1308 3410 precepis-

162 3422 274 3485 simua.
319 3420 365 3483 Et
378 3441 450 3496 nos,
473 3429 598 3503 postea,
622 3420 663 3483 ad
686 3419 859 3484 clamorem
885 3429 952 3483 tam
978 3432 1193 3490 mercatorum
1218 3428 1308 3510 regni

161 3523 264 3586 nostri
292 3544 389 3605 quam
424 3521 569 3598 Francie,
594 3520 795 3585 Normanuie
817 3532 851 3586 et
879 3522 1015 3587 aliorum
1039 3546 1223 3611 regnorum,
1251 3529 1309 3613 qui

161 3623 305 3708 pleygios
322 3635 356 3687 et
370 3623 464 3686 aliam
490 3622 695 3687 securitatem
710 3644 768 3708 per
782 3625 946 3709 corporale
961 3637 1198 3691 samamentum
1212 3627 1308 3693 nobis

160 3736 355 3803 nvenerunt,
382 3724 471 3809 quod
498 3725 562 3809 ipsi
586 3725 676 3789 lanas
706 3725 830 3810 aliquas
856 3749 923 3791 non
953 3724 1111 3792 ducerent
1131 3729 1172 3794 ad
1199 3741 1308 3815 partas

162 3827 311 3891 Flandrie
325 3827 377 3890 vel
395 3827 554 3912 Hayonie,
569 3827 620 3892 vel
636 3827 705 3891 illas
729 3828 992 3906 Flandrensibua,
1008 3840 1066 3894 sut
1090 3831 1160 3895 aliis
1175 3832 1309 3917 quibus·

162 3951 289 4014 cunque
325 3930 414 3993 lanas
460 3928 648 4013 hujusmodi
684 3930 917 3995 mercatoribus
951 3933 1095 4016 predicte
1133 3935 1309 4003 Comitisse

160 4031 301 4098 vendere
325 4031 522 4110 volentibus,
552 4032 740 4113 venderent,
769 4034 821 4100 vel
855 4056 913 4121 per
935 4047 1039 4103 artem
1064 4047 1121 4104 aut
1142 4037 1308 4125 ingenium
