3540 4830
469 503 727 547 vicecourruss
754 498 1040 545 uosoovrnnuu.
1287 483 1328 541 85

178 657 266 741 tique
282 657 383 720 firme.
421 654 519 720 Unde
534 655 607 742 ipsi,
622 653 795 719 redeuntes
810 674 829 715 s
845 651 1061 728 Pudementc,
1070 658 1229 715 venerunt
1240 650 1331 714 Lon·

176 761 283 824 doniis
298 761 331 824 in
343 760 451 845 vigilie
466 758 675 824 Ascensiouis
691 755 837 834 Domini,
849 765 883 819 et
896 754 1042 819 tulerunt
1055 752 1179 818 litterss
1195 753 1331 818 Domini

180 864 276 949 Regis
292 864 416 928 cieuses
432 873 466 927 et
480 871 641 948 petentes,
656 881 792 945 querum
808 869 903 923 tenor
917 856 992 921 telis
1007 866 1069 921 est.

264 967 388 1031 Littere
404 963 539 1030 Domini
557 962 654 1045 Regis
669 962 710 1025 de
725 961 855 1026 licentis
868 959 1007 1044 eligendi
1024 958 1179 1023 Bellivcs.

223 1068 388 1133 Henricus
406 1067 468 1131 Dei
494 1064 596 1150 gretie
613 1063 682 1126 Rex
696 1062 824 1146 Anglie,
839 1062 1003 1126 Dominus
1021 1060 1188 1140 Hibernie,
1203 1072 1236 1127 et
1252 1063 1331 1127 Dux

177 1170 385 1256 Aquitennie,
400 1168 525 1234 dilectis
552 1175 586 1231 et
599 1163 749 1229 fidelibus
764 1163 832 1227 suis
848 1164 1031 1228 Beronibus
1045 1174 1080 1229 et
1102 1164 1238 1231 Civibus
1264 1168 1331 1233 suis

180 1273 433 1348 Londonierum,
448 1270 596 1333 sulutem.
641 1266 727 1330 Cum
750 1267 1004 1331 concesserimus
1019 1268 1113 1333 vobis
1128 1271 1215 1355 quod
1230 1293 1332 1356 quen-

177 1376 250 1440 dem
268 1376 308 1439 de
328 1373 517 1439 concivibus
542 1371 659 1435 vestris
679 1369 806 1434 fidelem
829 1380 863 1435 et
888 1371 1074 1449 discretum,
1089 1373 1144 1456 qni
1172 1375 1273 1438 nostri
1299 1384 1334 1440 et

178 1477 338 1554 Edwardi,
364 1474 570 1562 primogeniti
593 1472 706 1551 nostri,
728 1471 875 1537 fidelitati
899 1473 1055 1538 hactenus
1075 1488 1262 1541 constanter
1276 1480 1333 1543 ed·

175 1581 271 1656 hesit,
296 1579 430 1663 eligetis,
456 1578 510 1662 qui
536 1576 643 1641 officio
656 1575 865 1640 vicecomitis
891 1576 1105 1642 Middelsexie
1129 1587 1163 1643 et
1178 1577 1333 1646 Custodis

178 1681 327 1745 Civitatis
344 1680 586 1744 Londonierum
601 1677 760 1756 intendet,
774 1678 819 1742 ite
833 1678 920 1763 quod
936 1701 994 1763 per
1005 1700 1064 1743 vos
1072 1691 1278 1765 presentetur
1291 1685 1333 1746 ed

177 1784 377 1847 Sceccsrium
400 1793 559 1858 nostrum,
575 1789 609 1845 et
632 1780 753 1846 ibidem
779 1778 820 1845 eb
845 1803 886 1847 eo
908 1792 1144 1846 sacramentum
1169 1782 1333 1849 fidelitatis

176 1888 357 1971 recipietur,
372 1895 471 1970 prout
482 1885 581 1948 moris
596 1894 656 1962 est,
671 1895 705 1950 et
719 1883 815 1948 nobis
830 1884 870 1948 de
885 1884 977 1948 firme
996 1886 1183 1951 eorumdem
1199 1908 1334 1972 respon·

177 1990 253 2053 deut
266 1990 307 2053 ed
323 1988 522 2054 Sceccsrium
549 1987 751 2072 predictum
775 1987 893 2072 deque
907 1987 1123 2052 vicecomites
1145 1990 1332 2055 eorumdem

177 2091 271 2157 nobis
287 2114 346 2177 pro
361 2091 483 2156 eisdem
507 2089 627 2154 ibidem
654 2090 832 2174 untiquitus
862 2090 1056 2175 respondere
1085 2105 1333 2158 consueverunt.

95 2206 99 2210 “
178 2195 251 2261 Due
267 2193 478 2259 omnievobis
492 2193 712 2258 concessimus
726 2191 767 2255 ed
780 2192 979 2256 voluntatem
995 2205 1151 2272 nostrum,
1166 2195 1212 2259 its
1223 2205 1333 2260 temen

178 2299 264 2382 quod
281 2299 367 2363 idem
382 2298 572 2362 vicecomes
595 2307 629 2360 et
644 2295 766 2359 Custos
787 2295 828 2359 de
852 2294 1055 2359 libertstibus
1068 2296 1208 2361 Abbetie
1223 2297 1333 2362 West·

179 2401 364 2464 monasterii
394 2401 427 2463 in
458 2399 548 2463 nullo
578 2420 613 2464 se
636 2397 842 2462 intromittet.
899 2396 1003 2462 Vobis
1027 2399 1220 2463 mundemus
1245 2401 1332 2485 quod

177 2502 273 2566 telem
291 2502 331 2565 de
346 2501 533 2565 concivibus
548 2499 665 2564 vestris
693 2499 847 2584 predictis
870 2499 910 2562 ed
934 2500 998 2564 hoo
1011 2500 1146 2585 eligetis,
1157 2513 1191 2566 et
1212 2523 1332 2569 nomen

178 2603 249 2687 ejus
266 2603 360 2667 nobis
378 2604 458 2668 scire
484 2603 617 2667 fumeus.
660 2601 758 2666 Teste
773 2624 825 2666 me
851 2603 924 2688 ipso
947 2603 1033 2688 epud
1050 2604 1332 2690 Norhemptnnsm

178 2705 283 2789 primo
298 2706 350 2771 die
366 2706 459 2783 Msii,
474 2727 560 2769 anno
575 2704 664 2790 regui
678 2704 783 2769 nostri
794 2705 828 2770 l'.

223 2806 385 2871 Henricus
401 2807 463 2871 Dei
478 2807 589 2891 gretie,
604 2809 661 2870 &c
706 2806 870 2872 Omnibus
884 2807 925 2872 sd
949 2830 1031 2894 quos
1044 2820 1213 2893 presentes
1227 2810 1333 2877 littere

177 2911 393 2993 pervenerint,
423 2910 572 2974 sulutem.
626 2908 744 2976 Sciatis
783 2912 870 2997 quod
909 2912 1116 2977 ccnoedimus
1145 2912 1270 2979 dilectis
1299 2925 1334 2980 et

176 3012 326 3076 fidelibus
354 3013 474 3077 nostris
501 3011 683 3077 Beronibus
712 3023 747 3079 et
776 3013 911 3080 Civibus
934 3015 1054 3079 nostris
1078 3015 1333 3095 Londonisrum,

177 3119 263 3202 quod
295 3120 456 3204 quendem
481 3119 521 3182 de
545 3118 733 3183 concivibus
758 3116 826 3180 suis
851 3116 980 3181 fidelem
1006 3125 1040 3181 et
1065 3116 1251 3195 discretum,
1276 3119 1332 3204 qui

178 3219 283 3282 nostri
304 3229 338 3282 et
363 3219 528 3298 Edwardi,
553 3218 760 3305 primogeniti
785 3219 901 3294 nostri,
924 3217 1072 3283 fidetitni
1096 3219 1254 3284 mesenus
1274 3220 1331 3283 ed-

180 3320 275 3396 hesit,
290 3320 420 3404 eligunt,
435 3320 491 3405 qui
517 3321 623 3384 officio
637 3320 849 3384 vioecomitis
874 3319 1091 3384 Middelsexie
1114 3331 1149 3385 et
1173 3319 1330 3386 Custodis

181 3422 331 3485 Civitatis
355 3420 600 3484 Londonisrum
630 3421 798 3486 intendere
822 3421 937 3506 possit,
952 3432 986 3485 et
1011 3421 1100 3506 quod
1126 3444 1246 3487 nomen
1259 3423 1330 3508 ejus

180 3522 275 3586 nobis
301 3523 383 3587 scire
406 3522 535 3601 fecient,
562 3523 606 3586 ite
630 3524 717 3606 quod
738 3523 808 3607 ipse
835 3533 1039 3608 presentetur
1061 3523 1103 3588 sd
1128 3523 1328 3590 Scsccsrium

180 3635 341 3702 nostrum,
365 3636 399 3689 et
425 3623 545 3688 ibidem
572 3623 612 3687 eb
637 3645 676 3687 eo
697 3635 933 3688 sacrementum
959 3624 1124 3691 fidelitatis
1146 3626 1330 3712 recipietur,

180 3738 278 3813 prout
293 3727 393 3792 moris
408 3737 469 3804 est,
484 3738 518 3791 et
543 3726 638 3789 nobis
665 3726 705 3790 de
731 3725 824 3789 firme
849 3727 1045 3810 respondeat
1068 3729 1109 3792 ed
1125 3728 1329 3795 Sesemrium

180 3839 328 3894 nostrum
354 3830 557 3915 predictum:
584 3851 647 3914 que
670 3829 780 3893 omniu
799 3831 846 3895 eis
870 3831 1092 3897 concessimus
1117 3832 1158 3896 ed
1181 3832 1331 3898 volunte-

181 3944 245 3996 tem
261 3951 417 3998 nostrum.
462 3933 626 3997 Nolumus
637 3944 746 3997 tumen
762 3933 849 4018 quod
863 3933 949 3998 idem
962 3933 1151 4000 vicecomes
1165 3945 1199 3999 et
1208 3934 1330 4001 Custos

180 4036 220 4100 de
235 4036 439 4102 libertatibus
450 4035 590 4102 Abbetie
602 4035 885 4102 Westmouesterii
900 4035 934 4101 in
949 4038 1057 4126 eliquo
1072 4063 1108 4107 se
1123 4038 1332 4110 intromittet.
