3540 4830
753 448 932 496 enerues.
1404 433 1445 500 cli

285 597 418 658 Probatio
439 599 521 656 etatis
542 598 682 668 Johaune‚
704 600 787 659 unius
807 601 930 660 filiarum
943 609 973 658 et
992 600 1128 660 heredum
1154 599 1265 659 Thome
1283 601 1395 662 domine
1409 604 1444 665 de

244 697 366 756 Bardolf
385 695 521 764 defuncti,
543 699 591 774 qui
613 698 648 756 de
671 697 749 775 Rege
769 701 859 757 tenuit
881 700 910 756 in
931 700 1031 776 eapite,
1052 718 1136 776 quem
1150 698 1310 758 Willelmue
1325 701 1445 783 Phelipp

243 794 365 853 duxitin
378 812 503 861 uxorem,
517 793 591 870 apud
607 793 796 872 Couyngesby
809 797 839 851 in
859 797 993 854 comitatu
1014 796 1160 854 Liucoluie
1172 797 1216 854 die
1232 797 1347 856 Sabbati
1361 818 1445 874 prox·

242 893 299 949 imo
312 899 377 968 post
389 890 493 947 festum
508 890 641 966 Corporis
661 891 777 959 Christi,
792 911 866 951 anuo
887 895 965 969 regni
981 894 1069 969 Regis
1084 894 1202 951 Henrici
1217 895 1310 970 quarti
1325 894 1443 963 decimo,

243 1006 338 1046 ooram
351 985 481 1045 Johanne
492 985 620 1061 Henege‚
634 990 686 1043 dre.
698 1005 748 1062 per
761 998 966 1045 sacramentum
982 990 1142 1064 juratorum
1166 989 1396 1066 subscriptorum,
1417 999 1445 1048 et

244 1103 327 1160 super
339 1092 441 1142 etatem
462 1082 585 1158 predicte
599 1083 729 1142 Johanne
751 1103 802 1159 pro
824 1103 855 1140 se
869 1085 1018 1160 separatim
1038 1085 1278 1152 examinatorum
1303 1086 1443 1156 videlicet,

243 1180 382 1240 Johaunis
397 1180 506 1258 Derby‚
520 1181 603 1237 etatis
616 1181 645 1237 lx
659 1199 806 1248 annorum,
821 1201 872 1257 pro
887 1201 916 1238 se
939 1182 973 1238 de
994 1192 1067 1239 etate
1089 1183 1213 1259 predicte
1226 1181 1357 1240 Jobanue
1379 1203 1444 1242 exa·

243 1278 357 1344 minati3
376 1277 425 1353 qui
439 1276 507 1333 dicit
531 1277 606 1353 quod
626 1278 734 1353 prefata
747 1276 879 1336 Johanna
897 1287 964 1336 nata
983 1279 1038 1336 fuit
1051 1280 1080 1335 in
1095 1288 1186 1337 castro
1200 1279 1235 1336 de
1250 1279 1396 1338 Tatersale
1415 1282 1445 1338 in

242 1373 376 1431 comitatu
389 1370 514 1448 predicto
536 1373 614 1429 etin
635 1373 752 1430 ecclesia
769 1374 922 1450 parochiali
943 1374 977 1430 de
992 1375 1138 1432 Tatersale
1161 1375 1301 1450 baptizata
1323 1374 1352 1431 iu
1371 1376 1445 1435 festo

243 1471 333 1528 uncti
346 1469 466 1527 Martini
484 1470 513 1525 in
535 1470 644 1546 hyeme,
664 1488 737 1527 anno
758 1471 837 1546 regni
863 1471 981 1527 Domini
996 1471 1110 1528 Ricardi
1131 1489 1221 1546 nuper
1235 1471 1323 1547 Regis
1339 1473 1445 1549 Anglie

242 1566 311 1624 xiiii.
352 1565 516 1641 Requisitus
530 1567 651 1643 qualiter
669 1567 724 1624 hoc
745 1568 844 1634 noscit,
866 1567 933 1624 dicit
953 1567 1028 1643 quod
1048 1567 1107 1642 ipse
1127 1566 1182 1623 fuit
1206 1567 1234 1622 in
1248 1568 1365 1625 ecclesia
1379 1588 1443 1644 pre·

244 1663 318 1720 dicte
340 1670 466 1737 tempore
488 1662 688 1738 baptizacionis
702 1663 826 1738 predicte
839 1660 969 1719 Johanne
991 1672 1020 1719 et
1033 1661 1103 1719 vidit
1124 1681 1186 1718 eam
1208 1661 1242 1719 de
1265 1664 1444 1722 sacrofonte

243 1759 330 1818 levari
340 1768 370 1816 et
377 1758 542 1835 providebat
551 1759 641 1815 eidem
652 1758 673 1816 J
674 1758 785 1815 ohanne
795 1758 936 1834 quandam
945 1759 1092 1826 nutricem,
1106 1777 1161 1834 que
1172 1758 1274 1815 dictam
1285 1757 1304 1814 J
1306 1758 1445 1817 ohannam

243 1859 273 1916 in
286 1857 370 1915 domo
384 1856 471 1932 ipsius
484 1854 504 1913 J
506 1855 623 1913 ohannis
637 1856 763 1924 nutrivit,
776 1875 922 1932 quousque
936 1856 1010 1914 dicta
1024 1856 1156 1915 Johauna
1167 1855 1306 1913 ablactata
1319 1855 1381 1924 fuit,
1396 1874 1447 1932 per

244 1955 319 2032 quod
341 1956 411 2012 bene
434 1955 524 2010 noscit
544 1954 648 2011 dictam
662 1954 824 2012 Johaunam
846 1973 907 2010 csse
928 1954 1009 2011 etatis
1028 1954 1095 2011 xviii
1109 1973 1246 2012 annorum
1267 1962 1295 2010 et
1318 1953 1448 2031 amplius.

244 2145 320 2224 quod
333 2145 408 2203 dicta
418 2144 550 2203 Johanna
564 2154 607 2201 est
621 2147 704 2203 etatis
717 2146 783 2202 xviii
798 2164 935 2202 annorum
949 2147 1119 2222 etamplius.
1149 2146 1312 2222 Requisitus
1326 2146 1446 2224 qualiter

242 2244 297 2302 hoe
310 2244 372 2310 seit,
392 2241 461 2299 dicit
474 2240 549 2317 quod
562 2242 621 2318 ipse
642 2242 698 2300 suit
719 2243 748 2299 iu
770 2243 897 2319 predicta
918 2244 1035 2301 ecclesia
1057 2244 1155 2300 eodem
1175 2243 1229 2311 die,
1253 2262 1309 2318 quo
1322 2244 1447 2319 predicta

243 2339 374 2399 Johauna
387 2339 442 2396 fuit
454 2347 521 2396 nata
533 2346 561 2396 et
574 2339 723 2415 baptizata,
746 2348 774 2396 et
787 2340 857 2396 vidit
878 2359 938 2397 eam
950 2341 985 2396 de
1007 2359 1086 2397 sacro
1108 2340 1186 2396 fonte
1207 2339 1293 2395 levari
1306 2347 1335 2395 et
1348 2338 1447 2396 habuit

243 2437 382 2514 quendam
395 2436 495 2504 filium,
510 2437 622 2493 nomine
636 2436 819 2503 willelmum,
834 2437 882 2512 qui
896 2437 993 2493 eodem
1007 2436 1052 2493 die
1065 2435 1244 2503 moriebatur,
1258 2454 1308 2510 per
1321 2434 1397 2511 quod
1410 2435 1446 2493 de

243 2543 317 2592 etate
339 2533 446 2609 prefate
466 2532 596 2591 Johanue
618 2534 688 2589 bene
711 2532 808 2589 recolit
830 2540 858 2588 et
882 2533 1034 2607 cognoscit.
1074 2530 1209 2589 Willelmi
1232 2531 1342 2609 Smyth‚
1363 2533 1446 2590 etatis

244 2630 301 2687 xliii
315 2649 462 2698 annorum,
477 2638 508 2687 ut
530 2631 709 2706 premittitur,
731 2630 891 2697 examinati,
915 2629 964 2705 qui
983 2629 1140 2705 dicitquod
1161 2628 1236 2687 dicta
1249 2628 1385 2687 Johanua
1402 2635 1447 2686 est

244 2728 327 2786 etatis
341 2727 407 2783 xviii
421 2745 558 2783 annorum
571 2733 600 2781 et
614 2725 742 2801 amplius,
757 2734 866 2782 acuatu
879 2734 907 2781 et
920 2727 1062 2801 baptizata
1083 2726 1138 2782 fuit
1159 2725 1212 2794 die,
1227 2727 1298 2794 loco,
1321 2734 1350 2783 et
1371 2744 1445 2782 auno

244 2822 420 2899 supradictis.
465 2822 631 2896 Requisitus
645 2821 766 2897 qualiter
778 2820 832 2878 hoc
846 2821 945 2887 noscit,
968 2821 1036 2878 dicit
1050 2820 1125 2897 quod
1139 2821 1198 2898 ipse
1211 2821 1266 2878 fuit
1279 2821 1308 2877 in
1329 2821 1447 2880 ecclesis

243 2918 367 2994 predicta
387 2926 511 2992 tempore
525 2916 725 2992 baptizationis
746 2917 831 2992 ipsius
845 2915 976 2975 Johunne
989 2925 1018 2974 et
1032 2916 1101 2973 vidit
1121 2936 1183 2974 eam
1204 2915 1299 2985 levari,
1312 2925 1341 2973 et
1354 2916 1446 2975 eundo

244 3034 341 3072 versus
355 3014 469 3072 domum
485 3033 564 3070 suam
578 3014 678 3071 cecidit
692 3023 720 3070 et
733 3013 880 3071 brachium
894 3033 975 3070 suum
990 3014 1134 3070 sinistrum
1149 3015 1243 3090 fregit,
1258 3033 1308 3090 per
1321 3012 1397 3090 quod
1411 3013 1446 3071 de

243 3119 317 3168 etate
336 3111 444 3188 prefate
457 3110 588 3169 Johanne
601 3111 672 3168 bene
686 3111 783 3168 recolit
797 3120 827 3167 et
849 3112 1002 3188 cognoscit.
1043 3111 1178 3169 Willelmi
1193 3110 1344 3189 Goudeby‚
1365 3112 1446 3168 etatis

243 3208 291 3265 xlii
304 3227 450 3277 annorum,
468 3216 501 3265 ut
514 3209 691 3284 premittitur,
712 3209 872 3276 examinati,
893 3210 941 3285 qui
965 3208 1033 3265 dicit
1054 3210 1131 3284 quod
1149 3209 1224 3266 dieta
1237 3207 1378 3275 Johanna,
1393 3209 1446 3266 dec.

245 3302 294 3385 (ut
306 3307 433 3381 proximo
447 3304 556 3383 supra).
599 3306 764 3382 Requisitus
787 3305 906 3382 qualiter
927 3306 981 3363 hoc
1001 3306 1102 3374 noscit,
1124 3305 1191 3362 dicit
1212 3304 1288 3381 quod
1308 3305 1366 3380 ipse
1385 3322 1446 3378 per·

246 3402 359 3476 quisivit
379 3421 466 3459 unum
489 3410 680 3458 tenementum
699 3420 763 3457 cum
784 3401 956 3476 pertinentiis
970 3401 999 3456 in
1014 3401 1160 3460 Tatersale
1182 3400 1217 3458 de
1237 3401 1359 3476 quodam
1374 3398 1447 3455 Wil-

245 3495 328 3553 lelmo
344 3496 465 3564 Forster,
488 3497 536 3573 qui
551 3495 664 3573 quidem
679 3494 838 3552 Willelmus
862 3494 976 3552 Forster
996 3496 1088 3571 ipsum
1101 3495 1135 3552 de
1148 3500 1307 3552 tenemento
1320 3491 1446 3567 predicto

245 3591 326 3650 dictis
340 3592 385 3650 die
398 3601 427 3650 et
439 3613 512 3651 anuo
526 3613 575 3669 per
589 3601 695 3650 cartam
706 3610 785 3648 suam
798 3591 922 3648 feodavit
933 3601 961 3648 et
972 3592 1085 3658 saisivit,
1100 3609 1149 3668 per
1160 3590 1240 3665 eujus
1254 3597 1331 3645 carte
1350 3587 1445 3645 datam

244 3688 280 3746 de
293 3697 368 3746 etate
390 3691 498 3766 prefate
511 3690 643 3748 ,iohanne
657 3689 727 3744 bene
749 3687 848 3744 recolit
867 3696 896 3744 et
918 3687 1070 3762 cognoscit.
1112 3685 1222 3742 Thome
1237 3681 1350 3761 Smyth‚
1364 3683 1447 3741 etatis

243 3786 254 3842 l
268 3806 413 3856 annorum,
426 3797 459 3846 ut
472 3789 651 3864 premittitur,
665 3785 826 3852 examinati,
845 3784 893 3859 qui
909 3784 976 3840 dicit
996 3783 1072 3859 quod
1092 3781 1217 3859 predicta
1232 3781 1364 3840 Johanna
1377 3788 1446 3840 usta

245 3883 298 3941 fuit
308 3893 337 3942 et
349 3885 493 3961 baptizata
507 3885 536 3941 in
550 3891 644 3942 castro
664 3890 692 3938 et
704 3881 820 3939 ecclesia
834 3880 964 3957 predictis
978 3881 1021 3938 die
1035 3889 1065 3938 et
1078 3899 1152 3939 anuo
1168 3878 1345 3956 supradictis,
1359 3888 1388 3937 et
1401 3888 1445 3938 est

244 3983 326 4041 etatis
340 3983 407 4041 xviii
420 4001 558 4041 annorum
571 3991 600 4041 et
613 3980 741 4063 amplius.
783 3978 945 4056 Requisitus
960 3979 1079 4056 qualiter
1093 3978 1147 4036 hoe
1161 3979 1260 4047 noscit,
1281 3975 1348 4036 dicit
1370 3976 1446 4055 quod
