3540 4830
462 388 506 442 60
818 400 978 448 cnoxrcs
1005 402 1180 447 asaroticis
1208 402 1252 447 ar

462 572 553 627 num,
568 572 625 615 seu
640 550 878 616 ordinationum
895 574 952 616 seu
967 551 1200 637 obligationum
1217 552 1268 616 vel
1282 551 1419 637 alicujus
1434 570 1535 637 aupm
1547 548 1617 615 boc

462 674 615 716 concesse
641 654 812 737 potestatis
837 676 857 718 a
883 654 980 737 Rege,
995 652 1103 716 nullus
1129 674 1215 716 noni
1238 664 1360 717 stattrta
1384 653 1493 731 faciat,
1506 672 1618 735 neque

460 754 528 838 jam
551 756 636 819 facta
659 767 769 820 teneat
785 755 835 819 tel
858 755 1021 831 observet,
1037 776 1096 819 nec
1118 767 1252 839 pntptet
1266 778 1333 819 non
1348 754 1617 821 observationem

464 855 682 939 predictorum
709 856 824 920 debeat
844 856 959 939 aliquis
985 856 1131 941 capitalis
1148 857 1199 921 tel
1223 856 1314 920 aliter
1328 857 1477 921 inimicus
1491 854 1622 933 habeti,

465 969 521 1021 aut
537 979 652 1043 penam
668 958 807 1042 aliquam
824 970 957 1043 propter
982 959 1044 1023 hoc
1071 959 1242 1024 sustinere.
1288 958 1502 1023 Decernimus
1515 958 1617 1021 εάιιιτ

466 1061 554 1143 quod
569 1083 666 1147 supet
681 1062 834 1146 predictis
859 1059 1099 1146 provisionibus
1122 1072 1156 1126 et
1180 1082 1291 1125 earum
1315 1060 1485 1125 occasione
1499 1080 1619 1125 omnes

468 1162 573 1227 littere
592 1166 738 1229 conlecte
760 1165 847 1228 irrite
871 1165 937 1227 sint
957 1175 991 1227 et
1013 1165 1135 1241 inanes,
1150 1175 1184 1227 et
1199 1164 1400 1227 Ordinamus
1414 1164 1511 1229 etiam
1526 1162 1619 1249 quod

467 1264 528 1349 ipsi
547 1267 625 1351 Regi
640 1268 756 1349 singlis
781 1268 992 1331 restituantur
1006 1289 1026 1328 a
1041 1264 1225 1329 Batonibus
1239 1278 1273 1330 et
1298 1266 1485 1331 reddantur.
1530 1266 1619 1331 ltem

467 1369 605 1434 dicimus
628 1382 663 1435 et
685 1371 883 1447 ordinamus,
897 1370 983 1453 quod
1009 1368 1136 1443 Castra,
1150 1390 1341 1453 quecunque
1364 1370 1482 1433 tradita
1496 1368 1620 1433 luerint

467 1472 679 1537 custodienda
701 1472 742 1535 ad
768 1473 985 1547 securitatem,
1003 1494 1061 1535 seu
1084 1472 1253 1535 occasione
1268 1472 1622 1557 predictorum,etad·

469 1572 533 1637 hoc
557 1573 699 1649 detenta,
714 1572 812 1636 libere
827 1594 846 1635 a
863 1572 1046 1636 Batonibus
1060 1572 1165 1637 eidem
1180 1572 1259 1655 Regi
1276 1571 1462 1649 reddantur,
1476 1570 1621 1635 tenenda

468 1673 639 1738 abeodem
657 1675 754 1757 Rege,
770 1675 854 1737 sieut
869 1695 907 1737 ea
922 1673 1054 1737 tenebat
1073 1688 1150 1737 ante
1164 1682 1295 1757 tempus
1310 1673 1528 1757 predictarum
1543 1693 1622 1757 pro·

469 1776 642 1841 sisinnum.
688 1776 771 1839 Item
787 1776 925 1839 dicimus
941 1786 975 1838 et
990 1774 1177 1838 ordinamus
1192 1774 1279 1858 quod
1299 1776 1392 1839 liceat
1416 1775 1521 1839 eidem
1539 1774 1621 1859 llegi

469 1876 567 1940 libere
578 1876 758 1961 Capitulum
771 1875 792 1939 J
796 1875 1002 1947 ustitiarium,
1012 1874 1260 1949 Cancellarium,
1268 1875 1531 1951 Thesautatium,
1540 1873 1622 1940 Jus-

469 1979 609 2042 ticinrios
630 1980 782 2053 minores,
797 1976 1023 2051 l'icccomitcs,
1038 1987 1072 2039 et
1094 1997 1306 2060 quoscunque
1321 1977 1402 2041 alios
1415 1977 1567 2041 officiales
1581 1998 1623 2043 tc

470 2080 693 2145 ministeriales
706 2078 844 2163 regionis
856 2077 918 2153 aui,
933 2090 966 2140 et
982 2076 1099 2140 domus
1112 2098 1181 2153 sue,
1191 2078 1354 2163 prolicere,
1366 2079 1554 2157 destituere,
1568 2080 1623 2143 in·

471 2185 605 2248 stitucre
620 2196 653 2247 et
667 2202 829 2259 amovete,
844 2203 903 2265 pro
916 2202 974 2243 sue
989 2178 1082 2244 libito
1098 2179 1288 2255 uoluntatis,
1299 2182 1383 2246 sicut
1396 2182 1531 2247 iaciebat
1542 2196 1622 2249 ante

471 2298 603 2371 tempus
619 2286 811 2372 predictum.
857 2283 952 2353 Item,
973 2295 1184 2346 retractamus
1196 2295 1229 2345 et
1240 2304 1406 2347 cassamus
1421 2284 1499 2349 illud
1515 2298 1624 2349 statu·

472 2402 542 2454 tum
553 2392 685 2467 lactum,
697 2387 782 2472 quod
796 2407 929 2467 regnum
940 2385 1056 2465 Anglie
1071 2406 1128 2469 pet
1144 2384 1310 2467 indigenas
1326 2384 1366 2449 de
1381 2400 1489 2450 cetero
1503 2386 1624 2469 guber·

473 2505 578 2567 netur,
594 2512 719 2555 necnon
736 2500 773 2551 ut
787 2488 913 2551 exirent
933 2486 1110 2571 alienigene
1130 2508 1194 2550 non
1214 2488 1384 2565 reversuri,
1398 2490 1542 2573 exceptis
1557 2489 1624 2555 illia

472 2614 609 2677 quorum
634 2613 756 2655 moram
784 2591 895 2654 tidcles
919 2590 1007 2671 tegni
1032 2590 1249 2653 communiter
1263 2603 1479 2675 acceptarent.
1522 2590 1624 2655 Ordi-

473 2717 588 2758 namus
604 2716 661 2779 per
675 2695 797 2757 dictum
813 2704 973 2763 nostrum,
990 2704 1025 2755 ut
1041 2693 1135 2757 liceat
1150 2692 1337 2773 alienigenis
1354 2694 1471 2756 morati
1487 2692 1625 2759 indicto

474 2818 573 2873 tegno
589 2796 710 2868 secute,
725 2806 758 2855 ct
773 2795 860 2877 quod
876 2794 982 2856 (lictus
997 2794 1065 2857 llex
1076 2794 1181 2879 possit
1190 2794 1385 2877 alienigenas
1398 2794 1439 2859 ad
1448 2796 1623 2861 montium

474 2919 580 2965 suum,
596 2917 677 2979 quos
704 2894 763 2957 sibi
789 2896 905 2957 viderit
931 2894 1025 2957 utiles
1049 2910 1082 2957 et
1109 2895 1232 2967 fideles,
1258 2918 1383 2971 vocate,
1407 2898 1492 2961 sieut
1518 2898 1624 2963 lacere

474 3011 598 3085 poterat
623 3010 698 3061 ante
723 3008 853 3080 tempus
876 2996 1067 3080 predictum.
1115 2996 1209 3074 Item,
1224 2997 1363 3061 dicimus
1383 3010 1417 3063 et
1432 2998 1623 3065 ordinamus

474 3099 560 3184 quod
576 3098 682 3162 dictus
701 3099 769 3162 llex
789 3099 917 3182 plenum
939 3110 1132 3183 pitestatem
1148 3111 1182 3163 et
1195 3099 1329 3162 liberum
1346 3100 1488 3184 tegimen
1504 3100 1624 3167 lrabeat

475 3202 507 3265 iu
535 3223 633 3285 regno
657 3223 717 3264 suo
742 3212 776 3264 et
805 3204 876 3285 ejus
900 3202 1123 3285 pertinentiis3
1145 3214 1178 3265 et
1205 3200 1304 3265 sitin
1328 3224 1369 3265 eo
1384 3214 1471 3265 statu
1486 3216 1520 3265 et
1535 3202 1568 3265 in
1583 3224 1625 3267 ea

475 3304 617 3388 plenaria
646 3314 817 3387 potestate,
844 3304 875 3366 iu
900 3302 1052 3366 omuibus
1077 3316 1111 3367 et
1135 3326 1193 3388 per
1215 3303 1334 3373 omnia.
1351 3304 1434 3367 sicut
1456 3318 1525 3367 ernt
1547 3316 1626 3371 anta

475 3422 604 3490 tempus
621 3405 812 3488 predictum.
860 3406 1021 3469 Nolumus
1046 3419 1167 3475 autem,
1182 3428 1241 3471 nec
1266 3406 1464 3470 intendimus
1480 3428 1537 3491 pet
1552 3428 1626 3491 pre·

477 3524 601 3572 sentem
617 3508 866 3583 ordinationem,
881 3509 1034 3587 derogare
1046 3509 1078 3571 in
1094 3508 1203 3593 aliquo
1215 3509 1310 3589 regiis
1322 3508 1508 3593 privilegiis.
1517 3510 1626 3585 cattis,

477 3609 691 3681 libertatibus,
718 3612 861 3681 statutis,
885 3625 939 3674 aut
971 3610 1185 3674 laudabilibus
1215 3611 1506 3674 consuetudinibus
1535 3612 1625 3685 regni

476 3714 601 3787 Attalis.
617 3733 678 3794 que
706 3724 798 3774 erant
813 3726 889 3775 ante
915 3726 1046 3797 tempus
1077 3714 1268 3795 pin-dietum.
1313 3712 1626 3776 Ordinamuaetiam

477 3814 563 3895 quod
581 3814 665 3875 idem
685 3812 752 3875 licx
769 3814 864 3875 ‹lia-tis
883 3815 1063 3878 Batonibus
1090 3816 1254 3895 indulgeat
1270 3828 1302 3877 cl
1323 3816 1467 3881 remittat
1493 3836 1624 3879 ornnem

479 3936 655 3989 raueorem,
675 3936 772 3997 quem
797 3916 913 3981 lial›eat
936 3918 1090 3981 adsersus
1116 3938 1173 3980 eos
1196 3916 1366 3981 ‹rccuione
1393 3916 1624 3999 premissorum
