3540 4830
542 440 585 498 ⁸2
900 453 1062 497 onosma
1088 450 1264 497 uaroeusr
1291 448 1336 495 ιτ

544 606 691 671 similiter
720 606 776 669 liat
798 606 838 669 do
860 604 955 669 bouis
981 605 1128 669 omnium
1150 603 1320 668 hominum
1348 598 1495 687 ejusdem
1531 598 1608 666 ville
1638 604 1700 687 qai

544 721 623 773 sunt
658 710 690 772 in
729 708 866 771 Cambio
900 718 1013 771 nostro
1050 707 1181 771 ibidem.
1240 706 1471 771 concessimus
1508 704 1609 769 etism
1647 704 1701 769 eis

542 811 629 898 quod
660 812 769 875 omnia
805 810 891 873 bona
926 824 960 873 et
993 810 1106 875 entalln
1135 810 1310 895 proborum
1340 808 1510 873 bominum
1541 806 1702 873 Ciritatis

543 917 684 1002 predicte
721 937 740 978 a
776 914 1034 999 quibuscunque,
1072 935 1090 976 s
1127 924 1275 999 tempore
1311 934 1378 999 quo
1415 912 1514 977 Cives
1555 910 1700 997 predicti

542 1042 577 1083 se
605 1020 764 1083 voluntati
794 1029 904 1081 nostre
933 1016 1185 1101 subposuerunt,
1211 1016 1282 1081 sine
1309 1026 1452 1079 nanto
1477 1024 1591 1079 nostro
1622 1034 1702 1101 pre·

542 1125 639 1200 dieto,
662 1122 807 1207 exeeptis
830 1121 924 1184 bonis
953 1121 1079 1183 llienrdi
1099 1120 1139 1185 de
1166 1118 1353 1197 Wnlebrolt,
1371 1118 1419 1183 eis
1438 1118 1573 1183 omnino
1599 1118 1701 1183 ruti-

542 1237 684 1297 tuantur,
708 1236 742 1287 et
763 1224 850 1308 quod
873 1223 934 1308 ipsi
959 1223 1056 1286 Cives
1079 1244 1136 1308 per
1161 1234 1264 1287 totam
1290 1232 1407 1287 terrum
1432 1234 1467 1287 et
1495 1232 1699 1307 potestaten

542 1337 686 1389 rmstram
701 1325 799 1387 libore
813 1336 846 1388 et
862 1325 931 1389 sine
947 1324 1179 1407 impedimento
1201 1336 1314 1388 nostro
1328 1323 1380 1389 rel
1403 1334 1601 1401 nostrorum,
1625 1334 1699 1389 tm

543 1451 600 1513 per
616 1450 700 1491 more
714 1450 811 1513 quam
828 1449 885 1512 per
900 1438 1028 1503 terram,
1043 1427 1084 1491 de
1099 1426 1195 1491 relius
1210 1439 1243 1491 et
1266 1426 1475 1491 meroandisis
1500 1426 1577 1507 sais,
1592 1448 1700 1511 nego-

543 1533 614 1595 tiari
645 1534 781 1617 possint,
811 1541 909 1615 prout
938 1530 999 1593 sibi
1029 1530 1169 1593 viderint
1197 1530 1360 1616 expedire,
1397 1530 1498 1617 quieti
1529 1529 1571 1596 de
1600 1532 1697 1599 omni

542 1634 787 1710 consuetudine,
803 1632 976 1696 tlteoloneo
990 1642 1023 1697 et
1039 1633 1209 1716 passagio:
1232 1643 1265 1696 et
1280 1630 1465 1716 ubieunque
1480 1631 1643 1697 voluerint
1658 1632 1697 1699 itt

541 1736 656 1800 eodem
681 1758 779 1819 regno
809 1746 919 1799 nostro
943 1756 1002 1819 pro
1027 1733 1300 1819 negotiationibus
1321 1734 1389 1797 suis
1415 1734 1582 1811 moraturi,
1607 1734 1699 1801 sient

541 1838 707 1901 retroactis
723 1836 924 1922 temporibus
936 1848 1187 1912 consueverunt,
1198 1856 1368 1921 quousque
1380 1836 1420 1900 de
1436 1848 1524 1901 statu
1538 1834 1698 1903 civitatis

542 1943 684 2027 predicte
700 1942 740 2004 ‹le
752 1942 887 2005 consilio
904 1951 1016 2003 rtostro
1031 1940 1159 2024 plenius
1177 1940 1354 2005 ordinetur.
1411 1940 1456 2005 Et
1479 1940 1567 2027 quod
1582 1942 1697 2007 nullus

541 2046 581 2108 ‹le
605 2046 745 2107 Cia-itate
762 2044 914 2128 predicta,
930 2043 970 2105 de
985 2064 1050 2126 quo
1066 2043 1236 2106 manifeste
1251 2054 1401 2107 constare
1415 2044 1519 2129 possit
1534 2044 1642 2131 ipsum
1659 2046 1698 2111 itt

540 2146 724 2209 turbatione
741 2145 883 2231 predicta
905 2144 1071 2207 inimicum
1088 2156 1247 2220 nostmm,
1268 2144 1318 2209 rel
1334 2144 1469 2229 predicti
1485 2146 1696 2233 primogeniti

541 2250 655 2327 nostri,
680 2249 837 2325 extitisse,
867 2247 907 2313 do
937 2260 1044 2312 cetero
1071 2248 1187 2311 morari
1215 2248 1266 2313 rel
1288 2249 1470 2315 eonserrsri
1493 2250 1526 2313 in
1550 2250 1699 2319 Ciritste

541 2354 694 2440 predicta.
756 2353 793 2415 ln
818 2353 911 2437 eujus
936 2352 980 2414 rei
1004 2352 1228 2415 testimonium
1249 2351 1307 2414 has
1327 2352 1450 2415 litteras
1473 2366 1601 2419 nostrus
1622 2354 1697 2423 fieri

541 2460 676 2523 ieeiruus
693 2468 852 2543 patentes.
894 2456 993 2520 'l‘este
1008 2478 1059 2519 me
1075 2456 1147 2540 ipso
1162 2455 1249 2540 apud
1266 2455 1547 2541 Norltamptonsm
1564 2458 1698 2527 decimo

542 2564 593 2625 (lie
608 2562 764 2635 Jnunnrii,
780 2582 866 2623 nttno
882 2560 971 2639 regni
987 2559 1090 2621 nostri
1105 2558 1383 2643 quinquagesimo.

587 2666 662 2739 ,l‘er
688 2666 773 2727 illnm
798 2662 1053 2746 redemptionem
1079 2660 1203 2724 liberati
1219 2672 1297 2724 sunt
1313 2660 1508 2727 ll'illielmus
1530 2664 1571 2729 ele
1587 2664 1699 2733 Gtoa·

544 2769 664 2839 rernin,
689 2766 843 2830 llirnrdus
868 2766 1106 2836 llonareuture,
1130 2763 1325 2827 li'illielmus
1347 2765 1387 2827 de
1405 2766 1505 2844 lieni,
1519 2766 1635 2833 Simon
1651 2770 1698 2839 ds

547 2869 755 2941 llmlestoke3
775 2868 986 2931 Endmundus
1004 2889 1079 2929 vero
1094 2868 1134 2931 ‹le
1154 2868 1238 2930 Eser
1255 2867 1408 2932 liberatus
1424 2868 1485 2933 luit
1498 2884 1604 2935 anta.

589 2974 704 3035 Postea
719 2972 832 3033 Simon
846 2970 889 3033 de
907 2970 1023 3032 Monte
1050 2970 1136 3033 l'orti
1156 2971 1278 3053 junior,
1293 2972 1424 3055 quando
1440 2974 1604 3039 Dominus
1621 2974 1697 3043 Ru

543 3078 601 3140 luit
618 3075 704 3161 apud
722 3073 1013 3158 Norlramptonnm,
1030 3074 1138 3157 posuit
1162 3097 1196 3137 se
1217 3075 1248 3137 in
1266 3076 1482 3140 misericordis
1495 3100 1566 3153 sus,
1582 3080 1696 3147 standi

542 3179 674 3242 nrbitrio
693 3177 788 3261 lingis
804 3176 992 3239 ,llemnnnie
1007 3188 1040 3238 et
1056 3176 1150 3257 legati
1170 3176 1301 3239 llmuini
1320 3177 1416 3263 l'npe,
1427 3192 1506 3245 tune
1520 3181 1697 3249 existentis

544 3286 575 3347 in
609 3282 733 3359 Aurelio,
762 3295 795 3345 et
824 3280 1026 3365 quorundam
1063 3280 1199 3344 alionum
1238 3278 1395 3345 baronum
1432 3283 1558 3369 Anglie.
1612 3286 1698 3367 Qui,

545 3400 668 3471 posteo.
685 3387 817 3447 veniens
835 3385 1014 3448 londoniis
1041 3406 1098 3469 per
1124 3384 1253 3469 aliquod
1277 3397 1407 3469 tempus
1422 3410 1546 3453 mortun
1569 3388 1698 3457 lseiens

544 3492 575 3551 iu
592 3489 679 3549 eurio
698 3488 828 3549 llomini
848 3487 1011 3557 Edwnrrli.
1024 3510 1088 3549 non
1105 3501 1279 3571 exqteetans
1294 3488 1461 3553 arbitrium
1487 3512 1594 3567 suum,
1621 3492 1698 3561 sino

543 3594 671 3655 lieentia
695 3604 727 3654 et
752 3592 792 3653 de
823 3604 917 3653 nriete
941 3592 1057 3653 sortire
1080 3592 1194 3659 erosit,
1216 3604 1249 3653 et
1272 3592 1382 3675 posuit
1404 3614 1439 3655 se
1461 3614 1574 3657 tersus
1598 3592 1701 3663 wio-

542 3695 661 3765 eltelse,
677 3705 709 3757 et
726 3694 851 3756 ndbesit
868 3693 1067 3777 predonibus
1082 3695 1122 3757 de
1138 3696 1292 3778 (luinque
1311 3694 1484 3769 l‘ortubus,
1494 3696 1550 3779 qui
1565 3710 1648 3761 tune
1662 3712 1701 3767 et

543 3812 636 3860 anton
652 3820 765 3860 «traines
781 3811 973 3859 merentores
990 3798 1154 3861 venientes
1178 3820 1289 3861 tersus
1306 3797 1454 3879 :triglism
1470 3812 1503 3863 et
1518 3800 1559 3863 ‹le
1574 3802 1701 3883 Angli·

542 3914 708 3967 exeunte-t,
732 3912 891 3983 ‹protquot
920 3914 1079 3981 poterant.
1104 3901 1420 3986 eoruprelteuderuut
1446 3903 1495 3967 rel
1522 3904 1700 3971 interiece-

543 4015 629 4069 ruot,
645 4002 694 4065 rel
709 4000 794 4064 boon
817 4024 875 4063 sua
897 4002 1062 4086 depredati
1088 4016 1174 4067 suut.
1218 4004 1283 4066 Sed
1308 4017 1416 4067 tanton
1443 4003 1505 4088 ipsi
1529 4002 1699 4089 predones

543 4102 667 4166 nullom
684 4103 861 4189 principem
885 4104 933 4167 rel
958 4104 1095 4169 militem
1117 4105 1341 4189 alienigenam,
1354 4128 1430 4173 eum
1444 4106 1543 4171 arenis
1558 4106 1700 4177 renlen·
