3540 4830
460 487 717 571 vmscpumuu
744 488 1029 535 tomnomsnuu.
1255 472 1315 546 177

213 635 296 700 Item
314 635 455 701 MicheeI
470 639 563 724 Tovy
577 661 635 724 ρετ
650 661 751 703 unum
767 661 899 704 annum.

214 736 299 802 Item
317 738 410 802 Idem
427 762 484 824 per
500 764 601 804 unum
618 764 752 805 annum.

213 841 358 924 Rogerus
373 842 458 905 filius
475 844 592 928 Rogeri
606 866 665 928 per
679 865 780 907 unum
796 865 928 907 annum.

212 942 381 1007 Iohannes
397 943 542 1007 Normsn
556 967 728 1031 perunum
745 967 878 1009 sunum.

211 1044 316 1107 Adam
332 1045 372 1109 de
388 1045 544 1130 Basinges
560 1068 617 1130 per
632 1069 734 1109 unum
749 1068 882 1110 annum.

211 1146 234 1209 J
236 1147 380 1211 ohannes
396 1147 436 1210 de
450 1147 614 1211 Tuleshsn
631 1170 689 1231 per
703 1170 805 1211 unum
821 1170 955 1211 annum.

213 1248 392 1312 Nicholsus
409 1250 472 1313 Bet
487 1271 543 1334 per
558 1271 660 1313 unum
675 1272 808 1313 annum.

213 1350 372 1414 Radulsus
390 1352 512 1415 Herdel
523 1374 580 1437 ρετ
594 1374 696 1415 unum
712 1373 844 1415 sunum.

214 1451 300 1515 Item
317 1452 409 1517 Idem
426 1475 600 1538 perunum
616 1476 749 1517 annum.

215 1555 300 1617 Item
317 1555 408 1618 Idem
424 1576 598 1638 perunum
612 1577 745 1618 annum.

215 1657 298 1720 Item
317 1656 409 1719 Idem
425 1679 527 1740 usque
551 1656 592 1721 sd
617 1656 691 1720 idus
714 1654 891 1733 Februarii,
914 1664 948 1719 et
962 1663 1041 1719 tunc
1067 1677 1125 1739 per
1149 1656 1317 1720 residuum

170 1759 246 1822 enni
261 1758 457 1822 Willielmus
472 1758 558 1822 filius
574 1758 714 1822 Rioerdi.

214 1860 299 1924 Item
314 1860 483 1925 Johsnnes
499 1862 539 1925 de
556 1859 707 1925 Gizorcio
723 1883 781 1946 per
795 1883 898 1925 unum
914 1856 1048 1924 atinum.

214 1962 299 2026 Item
316 1962 511 2029 Willielmus
526 1962 612 2037 filius
630 1962 757 2027 Ricardi
773 1984 947 2048 perunum
962 1983 1095 2026 annum.

216 2067 300 2129 Item
316 2065 409 2130 Idem
425 2086 599 2150 perunum
615 2087 748 2130 annum.

212 2170 356 2234 Th0mas
370 2168 456 2232 filius
471 2168 597 2233 Thome
612 2189 670 2253 ρετ
685 2189 787 2233 unum
801 2189 935 2232 annum.

214 2271 300 2337 Item
317 2272 408 2335 Idem
424 2293 597 2356 perunum
613 2293 746 2336 annum.

214 2375 299 2437 Item
316 2374 408 2438 Idem
424 2374 545 2438 electus
559 2384 593 2437 et
606 2382 810 2457 presentatus
825 2372 866 2436 ed
882 2371 1055 2437 scsesrium
1071 2384 1106 2437 et
1119 2395 1187 2436 non
1198 2372 1317 2436 sdmis-

170 2497 236 2552 sus,
252 2487 285 2538 et
300 2486 407 2539 temen
424 2474 516 2538 stetit
530 2495 703 2559 perunum
718 2495 851 2537 annum.

215 2576 298 2639 Item
316 2576 407 2639 Idem
423 2576 545 2640 electus
559 2586 593 2640 et
606 2575 767 2640 admissus
783 2596 957 2660 perunum
983 2597 1115 2639 annum.
1161 2574 1229 2639 Iste
1253 2574 1316 2638 fuit
1328 2575 1467 2639 sequent»

169 2678 304 2741 ultimus
321 2678 483 2742 Maiomm
497 2678 740 2743 Londonierum
756 2679 860 2743 fectus
874 2679 908 2742 in
924 2678 1008 2744 festo
1023 2677 1165 2743 Simonis
1180 2687 1215 2741 et
1228 2675 1315 2742 Jude
1326 2641 1538 2782 232⁰&AE

168 2802 255 2844 enno
271 2781 337 2844 Dfii
354 2779 477 2845 M⁰CC⁶
487 2779 590 2866 lxiiij⁰.
