3540 4830
732 407 910 452 essenon.
1378 379 1440 449 clxi

239 552 399 623 Swatl'nam,
420 573 491 612 com.
506 554 606 623 Norff,
621 575 653 613 aa
666 564 696 614 to
709 565 764 616 two
778 568 864 634 parts,
877 560 923 617 for
936 560 984 618 the
998 579 1073 637 same
1091 569 1171 625 term,
1188 568 1218 617 at
1231 578 1248 616 a
1262 566 1324 615 rent
1338 560 1371 615 of
1387 576 1440 614 oue

236 652 331 728 pouud
351 653 495 731 annuully,
516 655 550 710 of
567 654 656 712 which
674 656 722 712 the
736 657 812 713 third
830 667 894 733 part
907 678 962 715 was
982 659 1048 715 held
1070 659 1099 714 in
1116 659 1209 714 dower
1228 658 1266 736 by
1280 658 1439 732 Jacquetta‚

237 751 293 809 lete
307 750 371 807 wife
385 750 419 807 of
428 750 476 807 the
490 749 572 807 uncle
587 752 620 808 of
630 753 677 808 the
693 754 780 829 King‚
794 754 872 812 John
888 755 972 812 nne
987 757 1020 813 of
1032 754 1165 812 Bedford.
1207 755 1255 812 On
1268 754 1316 810 the
1329 753 1396 810 Roll
1410 751 1443 808 of

237 847 349 905 Letters
364 848 465 905 Patent
478 849 511 905 of
521 848 569 905 the
583 868 659 905 same
673 869 748 927 year,
763 871 804 907 we
826 851 892 908 read
910 872 941 908 as
961 852 1069 909 follows
1079 861 1145 909 :-“
1157 853 1228 919 Rex,
1243 858 1299 908 &c
1313 851 1440 907 salutem.

239 943 339 1003 Sciatis
358 943 434 1021 qnod
452 964 503 1020 pro
523 946 598 1002 bono
618 954 647 1002 et
667 948 789 1021 gratuito
809 948 925 1005 servicio
949 949 1024 1024 quod
1045 949 1161 1006 dilectus
1183 960 1210 1005 et
1232 947 1320 1005 fidelis
1345 955 1440 1002 noster

239 1041 397 1099 Willclmns
426 1041 554 1118 Phelipp,
577 1044 744 1100 camerarius
776 1054 881 1112 noster,
916 1047 996 1103 nobis
1024 1047 1159 1122 impendit
1186 1055 1214 1103 et
1242 1044 1383 1121 impendet
1408 1042 1438 1098 in

237 1138 363 1195 futnmm
377 1140 564 1196 concessimus
578 1141 603 1196 ei
618 1140 758 1215 quoddam
773 1149 968 1211 tenementum,
982 1153 1111 1201 vocatum
1133 1143 1175 1201 Le
1191 1143 1276 1200 Neue
1290 1142 1353 1208 Iun,
1374 1158 1438 1196 cum

237 1237 419 1313 pertinentiis,
434 1237 462 1292 in
482 1237 613 1312 parochia
627 1240 715 1294 sancti
730 1239 875 1296 Benedicti
890 1241 917 1296 iu
940 1241 1073 1297 Thamise
1097 1241 1196 1308 Street,
1211 1240 1284 1296 infra
1298 1238 1439 1295 civitatem

237 1343 361 1391 nostram
382 1333 599 1403 Londoniamm,
624 1336 699 1411 quod
719 1337 830 1412 quidem
849 1347 1037 1395 tenementum
1055 1338 1090 1395 ad
1109 1359 1208 1395 manus
1222 1339 1267 1394 avi
1281 1337 1369 1393 nostri
1389 1353 1440 1410 per

238 1432 447 1490 forisfacturam
469 1433 608 1491 Johannis
628 1433 778 1510 Montagu‚
793 1436 902 1492 comitis
918 1435 1028 1502 Sarum,
1048 1434 1159 1492 devenit
1172 1444 1201 1492 et
1214 1444 1353 1492 escaetum
1367 1434 1440 1500 fuit;

239 1539 267 1588 ct
288 1528 365 1605 quod
390 1527 515 1586 Thomas
539 1528 715 1605 Erpingham
738 1529 866 1586 chevaler
891 1531 1039 1587 defunctus
1060 1551 1111 1606 pro
1133 1533 1252 1588 termino
1275 1533 1381 1588 vitesue
1405 1549 1439 1586 ex

239 1626 416 1685 concessione
430 1626 496 1682 dicti
510 1627 555 1682 avi
570 1626 657 1682 nostri
671 1626 770 1682 habuit
786 1636 814 1683 et
833 1628 930 1692 tenuit,
939 1627 1099 1684 habendum
1113 1637 1140 1684 et
1161 1628 1313 1684 tenendum
1334 1627 1440 1683 dictum

238 1732 427 1782 tenementum
442 1742 506 1780 cum
519 1724 691 1798 pertinentiis
706 1723 814 1798 prefato
828 1722 971 1780 Willelmo
985 1734 1013 1780 et
1026 1725 1173 1799 assignatis
1188 1725 1245 1780 suis
1260 1744 1310 1800 pro
1323 1723 1441 1779 termino

240 1819 297 1877 rite
318 1838 367 1876 sue
389 1821 513 1894 quietum
532 1820 568 1875 ab
591 1819 685 1894 aliquo
708 1819 788 1875 nohis
807 1818 956 1883 reddendo,
982 1823 1034 1877 dc.
1078 1819 1162 1875 Teste
1186 1818 1264 1893 Rege
1284 1818 1359 1895 apud
1382 1837 1442 1874 ma-

239 1915 348 1973 nerium
361 1916 395 1975 de
411 1916 504 1975 Shene
518 1917 649 1973 vicesimo
663 1917 752 1992 primo
766 1917 810 1973 die
826 1916 988 1973 Octobris*t

272 2083 288 2114 ⁸
306 2088 425 2135 Pursnant
436 2095 461 2135 to
471 2104 486 2134 s
498 2090 551 2135 urit
560 2090 685 2135 addressed
697 2097 722 2137 to
735 2090 817 2150 Henry
831 2092 930 2146 Bar-ton,
943 2106 1024 2150 msyor
1034 2092 1060 2137 oi
1069 2091 1109 2137 the
1121 2092 1168 2149 city
1179 2091 1206 2137 oi
1216 2090 1325 2148 London,
1341 2090 1389 2136 and
1402 2090 1443 2136 the

239 2171 324 2230 King’s
334 2171 454 2216 eschentor
465 2172 489 2216 in
502 2172 542 2217 the
552 2187 624 2228 samo,
637 2173 693 2217 with
705 2172 745 2218 the
758 2173 842 2233 King's
854 2181 912 2218 teste
922 2179 947 2217 nt
960 2172 1131 2225 westminster,
1150 2173 1187 2218 lst
1198 2171 1269 2226 Noa,
1281 2171 1295 2220 'i
1310 2171 1374 2217 llen.
1388 2171 1443 2227 VL,

240 2251 312 2310 1428,
330 2253 370 2298 the
387 2253 508 2312 following
522 2253 661 2312 inquisition
678 2269 724 2298 was
739 2254 810 2299 taken
829 2254 961 2313 respecting
977 2254 1017 2298 the
1032 2260 1116 2299 tenure
1131 2254 1158 2297 oi
1172 2253 1211 2297 sir
1227 2253 1329 2297 Thomas
1341 2252 1444 2311 Erping·

240 2335 296 2381 ham
307 2335 334 2380 oi
347 2334 395 2379 this
405 2347 535 2392 messuage,
553 2335 578 2378 in
597 2335 638 2379 the
654 2335 701 2392 city
712 2335 738 2379 os
748 2333 857 2390 landon,
875 2334 917 2379 lth
930 2335 974 2393 day
985 2334 1012 2379 ol
1026 2334 1138 2387 October,
1156 2333 1170 2377 8
1184 2333 1246 2378 Heu.
1259 2330 1395 2388 v1.‚1429,
1412 2332 1444 2390 by

239 2417 346 2464 thenath
358 2419 384 2463 ol
392 2414 476 2462 twelve
484 2417 572 2474 jurum,
584 2416 667 2460 honest
677 2416 725 2459 and
738 2415 874 2473 lawworthy
881 2429 935 2460 men
944 2415 970 2459 oi
979 2414 1020 2459 the
1031 2415 1081 2458 said
1093 2414 1139 2471 city
1150 2416 1206 2458 :-“
1219 2413 1266 2468 Qui
1278 2413 1362 2458 dicunt
1372 2427 1444 2472 snper

237 2504 412 2545 sacramentnm
423 2510 494 2540 suum
505 2497 569 2554 quod
581 2496 683 2542 Thomas
700 2495 853 2554 Erpyngham
869 2497 893 2540 in
913 2496 977 2541 dicto
992 2495 1057 2540 brevi
1070 2495 1205 2539 nominatus
1216 2495 1294 2540 tenuit
1305 2495 1335 2539 de
1346 2493 1444 2539 domino

240 2581 305 2640 Rege
317 2579 356 2623 die
367 2592 415 2635 quo
426 2578 490 2622 idem
501 2576 603 2621 Th0mas
617 2576 770 2636 Erpyngham
784 2578 842 2622 obiit
853 2592 929 2622 unum
946 2577 1079 2636 hospicium
1090 2591 1145 2620 cum
1158 2590 1205 2619 una
1216 2576 1290 2634 shopn
1301 2575 1378 2620 cidem
1390 2575 1443 2621 hos·

238 2662 301 2722 picio
312 2673 407 2703 annexa
418 2664 441 2702 et
452 2657 504 2702 eliis
515 2658 663 2716 pertinentiis
674 2659 788 2703 situatum
800 2659 824 2703 in
837 2659 947 2718 parochia
962 2658 1044 2703 Sancti
1058 2657 1181 2703 Benedicti
1198 2658 1222 2701 in
1234 2657 1336 2716 Thumys
1353 2656 1440 2713 Strete,

238 2742 371 2788 incivitate
384 2739 475 2785 domini
488 2739 559 2799 Regis
573 2740 683 2800 predicti,
701 2741 766 2798 quod
783 2741 880 2799 quidem
897 2741 1028 2801 hospicium
1044 2754 1100 2784 cum
1111 2740 1185 2799 shopa
1196 2746 1219 2785 et
1230 2739 1282 2784 eliis
1293 2740 1442 2799 pertinentiis

239 2824 288 2869 suis
299 2823 377 2868 dictus
388 2821 490 2867 Thomas
500 2821 584 2867 hahuit
596 2822 626 2866 de
638 2822 701 2867 dono
713 2823 803 2867 domiui
816 2823 916 2869 Henrici
928 2837 1005 2882 nuper
1019 2823 1090 2882 Regis
1102 2822 1197 2881 Anglie,
1214 2823 1252 2867 avi
1268 2823 1358 2868 domini
1371 2821 1442 2880 Regis

240 2918 313 2960 nunc,
321 2902 352 2947 sd
362 2902 491 2948 terminum
500 2903 547 2948 site
559 2903 631 2962 ipsius
640 2902 729 2947 Thome
738 2903 900 2963 Erpyngham,
908 2910 931 2949 et
938 2904 1002 2962 quod
1014 2903 1077 2948 idem
1089 2902 1218 2961 hospitium
1225 2917 1280 2947 cum
1292 2903 1442 2963 pertinentiis

239 2984 300 3028 salet
318 2996 466 3042 perannum
483 2982 545 3029 ultra
563 2984 670 3043 reprisas,
689 2983 708 3028 si
720 2983 846 3038 locaretur,
859 2984 915 3039 lim,
931 2993 955 3030 et
972 2984 1035 3029 dicta
1050 2983 1123 3042 shopa
1140 2983 1201 3028 valet
1217 2997 1260 3043 per
1273 2998 1364 3028 annum
1378 2983 1441 3029 ultre

240 3064 338 3124 reprisas
349 3064 394 3110 vis.
407 3063 447 3107 viii
453 3063 479 3109 d.
514 3063 605 3108 Dicunt
615 3070 693 3109 tamen
707 3064 778 3109 iidem
793 3065 911 3124 juratores
924 3063 989 3122 quod
1001 3064 1092 3107 dictum
1108 3063 1241 3121 hospicium
1254 3077 1308 3107 cnm
1321 3063 1441 3122 pertinen-

239 3148 278 3194 tiis
288 3147 352 3193 stetit
363 3161 465 3191 vacuum
476 3160 491 3190 a
502 3152 587 3204 quarto
601 3146 640 3190 die
655 3145 715 3190 Julii
727 3161 790 3190 anno
805 3146 872 3205 regni
886 3146 975 3190 domini
994 3145 1065 3204 Regis
1079 3159 1144 3189 nunc
1161 3150 1236 3199 sexto,
1253 3159 1301 3202 qno
1313 3145 1351 3189 die
1363 3146 1442 3191 dictus

240 3229 341 3274 Thomas
351 3229 409 3273 obiit
421 3226 538 3286 usquead
551 3228 636 3272 testum
649 3227 784 3272 Natiuitatis
794 3229 869 3272 sancti
884 3227 1003 3271 Johannis
1015 3226 1120 3284 Baptiste
1138 3233 1196 3270 tnnc
1208 3226 1316 3283 proximo
1332 3239 1441 3283 sequens,

240 3311 271 3356 sd
283 3310 347 3370 quod
365 3309 450 3355 testum
463 3308 598 3354 Willelmus
616 3308 724 3366 Phelipp,
736 3309 847 3364 chlumec,
858 3309 950 3353 dictum
966 3307 1097 3366 hospicium
1114 3322 1170 3352 cum
1186 3308 1260 3365 shops
1274 3311 1298 3351 et
1309 3307 1360 3351 aliis
1371 3306 1441 3364 perti·

241 3389 327 3436 nentiis
337 3389 434 3434 intravit
445 3394 468 3433 et
479 3387 603 3446 occuparit
617 3393 640 3431 et
655 3387 734 3432 adhuc
743 3396 851 3445 occupat,
863 3401 890 3432 eo
908 3388 972 3446 quod
985 3387 1047 3432 idem
1061 3385 1196 3431 Willelmus
1211 3385 1312 3443 Phelipp
1324 3385 1408 3430 habuit
1419 3392 1443 3430 et

240 3471 311 3516 hahet
322 3471 414 3516 dictum
425 3468 556 3526 hospicium
569 3482 624 3511 cnm
641 3468 715 3526 shops
725 3474 750 3513 et
768 3468 820 3513 aliis
834 3468 982 3526 pertinentiis
996 3469 1045 3511 suis
1062 3481 1104 3525 per
1119 3466 1208 3511 litteras
1222 3472 1328 3523 patentes
1346 3466 1442 3512 Domini

242 3553 313 3612 Regis
323 3564 388 3595 nunc
401 3566 407 3603 ;
428 3549 470 3593 ssd
482 3561 552 3605 quem
564 3551 651 3591 statum
664 3548 719 3591 inde
731 3547 802 3592 hahet
818 3550 936 3606 juratores
947 3548 1047 3606 predicti
1059 3548 1154 3606 penitus
1165 3548 1282 3605 ignorant.
1317 3546 1348 3590 Et
1359 3547 1444 3593 dicunt

240 3633 305 3695 quod
317 3632 408 3674 dictum
419 3628 551 3685 hospicium
562 3642 616 3671 cum
629 3629 778 3686 pertinentiis
792 3630 840 3672 suis
855 3637 949 3673 tenetur
965 3629 994 3672 de
1012 3628 1110 3671 domino
1129 3627 1192 3686 Rege
1207 3627 1231 3670 in
1244 3626 1318 3669 lihero
1330 3628 1444 3688 burgagio

239 3717 302 3761 sicut
313 3718 362 3758 tota
373 3710 455 3754 civitas
473 3708 650 3753 Londoniarum
667 3714 763 3753 tenetur
776 3727 782 3763 ;
797 3709 838 3753 sed
858 3723 901 3767 per
918 3710 982 3767 qnod
1000 3708 1124 3754 servicium
1142 3708 1199 3753 dicti
1214 3709 1333 3766 juratores
1350 3710 1445 3771 penitus

240 3798 360 3857 ignorant.
395 3791 486 3836 Dicunt
506 3790 605 3835 ulterius
626 3790 699 3834 iidem
718 3791 836 3849 juratores
856 3790 920 3848 quod
945 3804 992 3834 non
1015 3795 1049 3834 est
1066 3789 1153 3847 aliquis
1175 3789 1242 3833 hcrcs
1264 3790 1336 3848 ipsius
1355 3790 1446 3841 Thoms

243 3877 414 3938 Erpyngham
433 3887 477 3918 nec
500 3872 563 3917 idem
583 3871 685 3918 Thomas
705 3871 858 3931 Erpynghum
881 3872 951 3931 plura
970 3879 1043 3917 terras
1062 3886 1104 3916 seu
1123 3877 1259 3917 tenementa
1278 3872 1362 3919 hahuit
1384 3873 1447 3920 inira

241 3960 373 4007 libertatem
391 3957 492 4003 civitatis
509 3955 615 4015 pmdicte
636 3955 700 4001 dicto
712 3954 751 4000 dio
768 3968 816 4012 quo
836 3954 904 4010 obiit,
925 3961 995 4014 prout
1012 3952 1125 4016 predictis
1136 3954 1286 4015 juratoribus
1301 3955 1331 4000 sd
1351 3971 1446 4016 presens

281 4061 395 4104 cesso.
412 4058 486 4101 soc.
854 4058 875 4118 y
