3540 4830
486 490 744 539 vrcrcourrurs
770 490 1054 537 uonuoursnou.
1280 476 1320 533 51

174 640 302 728 tempti,
329 651 444 728 postea
474 652 572 709 nocte
607 664 706 729 super
740 642 892 708 veniente
931 650 1182 726 asportaverunt
1214 640 1325 704 omnin

173 741 261 808 bona
283 743 444 808 dictorum
467 744 661 824 Judeorum,
682 754 717 809 et
740 744 845 809 multo
870 742 980 829 plures
1003 741 1120 806 ‹lomos
1142 739 1325 825 fregissent,

175 855 209 909 et
224 844 309 908 bona
323 845 588 930 asportavissent,
602 846 666 909 nisi
681 845 790 911 Maior
802 855 837 911 et
850 843 1066 910 Viceoomitas
1079 845 1269 909 accedentes
1280 841 1326 907 ibi

175 968 250 1012 cum
270 948 367 1013 armis
384 948 458 1014 illos
473 949 695 1013 malefactores
718 948 929 1014 movissent.
974 947 1049 1015 Qua
1068 946 1109 1012 de
1131 968 1229 1012 causa
1242 946 1327 1011 iacta

175 1059 227 1113 est
240 1049 407 1135 inquisitio
422 1050 458 1115 in
469 1051 657 1129 crastinum,
672 1060 706 1115 et
723 1051 770 1115 sic
781 1050 822 1115 de
836 1051 890 1116 dis
907 1049 942 1113 in
954 1049 1040 1115 diem
1055 1068 1115 1135 per
1125 1048 1285 1113 Maiorem
1293 1058 1328 1113 et

175 1153 390 1219 vicecomites
408 1153 443 1218 in
460 1153 635 1232 Gildhalle,
649 1173 709 1239 per
723 1152 898 1218 duodecim
912 1152 999 1217 viros
1010 1153 1147 1238 juratos,
1159 1150 1327 1236 dequibus

175 1256 265 1320 nulla
275 1257 337 1320 luit
348 1256 491 1343 auspicio
501 1267 660 1342 quantum
671 1256 712 1320 ed
722 1256 818 1319 istam
830 1254 992 1333 feloniam,
1002 1254 1042 1318 de
1051 1254 1187 1339 singulis
1196 1254 1327 1319 Wardis

176 1358 430 1424 Londoniarum.
475 1358 522 1424 Et
542 1368 657 1445 postea
678 1357 822 1423 universi
836 1357 1047 1422 Aldermanni
1062 1358 1208 1422 iecerunt
1221 1356 1328 1442 inqui-

177 1461 329 1528 sitionem
356 1482 454 1548 super
479 1462 553 1541 hoc,
582 1460 719 1547 quilibet
747 1460 782 1525 in
812 1461 1024 1526 Wardemoto
1053 1481 1133 1539 su03
1155 1460 1243 1525 unde
1272 1460 1328 1545 qui

176 1563 324 1627 indictati
338 1564 470 1629 fuerunt
484 1563 535 1628 vel
558 1563 710 1642 accusati,
732 1562 819 1649 capti
837 1563 970 1626 fuerunt
991 1582 1050 1648 per
1064 1561 1279 1627 Viceoomites
1294 1572 1330 1626 et

176 1664 392 1749 imprisonati,
406 1675 532 1750 portem
548 1664 582 1728 in
598 1664 746 1748 Neugatc
772 1674 807 1728 et
831 1673 956 1748 partem
978 1663 1013 1726 in
1037 1660 1237 1746 Crepelgate.
1283 1662 1329 1728 Et

177 1777 292 1850 postea
305 1765 360 1851 qui
375 1766 509 1831 fuerunt
530 1766 571 1831 de
594 1765 743 1831 libertate
759 1764 912 1830 Civitatis
927 1764 1031 1849 etqui
1046 1773 1225 1850 potuerunt
1238 1763 1327 1830 inre·

178 1866 247 1931 nire
263 1866 398 1951 plegios,
413 1867 545 1931 fuerunt
560 1865 728 1932 deliberati
742 1888 801 1952 per
816 1866 950 1952 plegios.

220 1969 294 2034 Hoc
305 1990 391 2035 anno
401 1969 499 2035 rediit
508 1970 673 2035 Dominus
685 1970 755 2035 Rex
767 1971 809 2035 de
818 1970 964 2048 Francia,
974 1976 1009 2033 et
1017 1968 1237 2053 ponenssein
1247 1970 1328 2033 mari

178 2074 266 2158 apud
280 2072 433 2137 Witsand
447 2094 521 2138 cum
538 2074 673 2159 Regina,
687 2073 844 2160 applicuit
865 2073 951 2158 apud
974 2071 1149 2136 Doveriam
1163 2071 1197 2137 in
1212 2072 1330 2159 Vigilis

176 2173 288 2239 Sancti
311 2174 438 2239 l'home
452 2174 614 2260 Apostoli,
636 2184 670 2240 et
690 2174 782 2241 venit
804 2173 997 2252 Londoniis,
1012 2172 1065 2237 die
1080 2173 1235 2239 Mercurii
1252 2185 1329 2239 ante

179 2276 409 2364 Epiphaniam.

221 2379 298 2444 Hoc
322 2401 409 2445 anno
433 2379 496 2444 fuit
519 2400 673 2464 magnum
698 2377 806 2464 gelum
830 2388 864 2443 et
885 2377 1004 2462 glacies
1033 2377 1152 2457 valida,
1167 2377 1327 2463 incipiens
1343 2401 1541 2465 &wath-

176 2481 291 2566 quinta
299 2482 351 2547 die
360 2491 436 2547 ante
451 2480 579 2561 Natale,
593 2492 628 2547 et
643 2481 771 2546 durarit
785 2502 844 2567 per
852 2490 919 2544 tres
934 2480 1131 2564 septimanas
1145 2480 1328 2561 continuas,

175 2593 210 2647 et
223 2582 366 2647 'l'emisia
379 2583 425 2647 itu
439 2583 502 2646 fuit
514 2583 691 2667 congelata,
714 2581 802 2667 quod
825 2582 1020 2667 quandoque
1034 2582 1098 2646 fuit
1111 2594 1265 2669 cooperta
1288 2585 1330 2649 de

177 2683 248 2746 rivo
285 2682 320 2747 in
343 2681 461 2762 rivum,
486 2683 534 2747 ita
558 2683 647 2769 quod
673 2683 845 2748 videbatur
866 2684 955 2769 quod
977 2682 1050 2769 ipsa
1070 2684 1177 2770 possit
1200 2685 1331 2751 manniri

177 2785 260 2870 pede
275 2792 309 2849 et
322 2804 419 2869 equo.

219 2886 444 2951 Annoeodem
458 2884 599 2971 septimo
614 2885 666 2951 die
693 2886 871 2966 Febmarii,
896 2885 1068 2952 combusta
1093 2897 1174 2954 sunt
1195 2889 1329 2974 proprio

178 2987 253 3072 igne
282 3008 342 3052 suo
373 3009 473 3072 parva
497 2987 571 3052 atila
593 2987 729 3052 Domini
755 2988 853 3074 Regis
876 2989 964 3074 apud
990 2988 1329 3069 westmonasterium,

177 3090 324 3169 Cumara,
354 3101 389 3155 et
412 3089 556 3175 Capella,
579 3101 615 3154 et
637 3091 901 3176 Receptaculum,
925 3101 960 3156 et
984 3090 1046 3156 alia
1070 3091 1181 3177 plures
1210 3092 1328 3158 domus

177 3193 339 3258 officiales.

221 3293 296 3357 Hoc
318 3314 415 3371 anno,
429 3301 505 3356 ante
520 3291 717 3357 Cethedram
733 3291 844 3357 Sancti
867 3292 967 3371 Petri,
983 3293 1197 3358 ostenderunt
1218 3294 1329 3360 Maior

174 3406 209 3462 et
232 3394 330 3459 Cives
356 3393 600 3459 Londoniarum
629 3393 774 3459 Domino
801 3394 951 3480 Philippo
986 3394 1114 3475 Basset,
1142 3396 1327 3463 Justitiario

176 3497 313 3581 Anglioe,
349 3504 384 3558 et
419 3494 490 3558 aliis
527 3495 568 3559 de
608 3495 745 3560 consilio
782 3494 917 3559 Domini
955 3495 1053 3581 Regia
1090 3496 1178 3582 apud
1215 3496 1328 3563 West·

175 3598 420 3675 monasterium,
434 3596 522 3682 quod
541 3596 810 3662 Conatnbularius
824 3598 936 3661 Turris
947 3598 1052 3663 voluit
1077 3620 1235 3685 occupem
1249 3623 1328 3665 con·

175 3712 226 3766 tra
254 3701 327 3764 illos
350 3699 515 3764 libertates
549 3720 636 3777 ruas,
664 3698 836 3763 areatando
866 3698 900 3762 in
928 3699 1094 3765 Thamisis
1122 3723 1222 3767 nares
1251 3713 1327 3768 ante

175 3804 316 3883 Turrim,
330 3813 364 3868 et
378 3801 536 3888 capiendo
552 3801 655 3887 priaas
680 3801 721 3866 de
743 3799 840 3865 blado
866 3808 901 3866 et
923 3800 993 3865 aliis
1017 3801 1125 3883 rebus,
1153 3814 1328 3891 antequam

174 3905 323 3970 venirent
336 3902 378 3968 ad
401 3911 554 3989 portum;
576 3902 732 3981 dicentes,
759 3902 848 3987 quod
877 3902 947 3988 ipse
969 3914 1048 3968 tunc
1073 3905 1230 3992 temporis
1251 3907 1330 3972 iecit

175 4018 439 4074 areatarenavem
454 4006 581 4072 Thome
604 4006 646 4072 de
664 4006 822 4093 Basinges
833 4028 910 4073 cam
921 4006 1085 4073 lumento
1095 4019 1171 4074 ants
1189 4009 1329 4091 Turrim,
