3540 4830
66 830 71 837 ,
163 781 259 843 quam
279 761 319 825 de
337 760 483 845 partibus
502 761 618 846 Anglie
638 762 842 841 recessimus,
857 761 940 827 bene
960 772 994 827 et
1013 760 1150 826 fideliter
1164 781 1239 847 erga
1252 783 1312 826 nos

455 507 712 552 vrcrrcorrrrcrr
740 507 1025 552 eonnonrsnurs.
1255 491 1313 564 167

164 658 419 736 Londoniarum,
432 658 581 723 sulutem.
614 659 768 744 supereo
780 661 868 744 q¹¹⁰d
881 660 913 723 5¹¹
925 659 1075 724 ⁸b⁸⁸¹¹⁰i⁸
1090 669 1211 739 ηοω
1223 669 1313 744 pm*
1325 676 1404 788 w}
1413 690 1508 789 m

163 873 197 928 et
213 873 341 927 nostros
354 885 412 927 vos
428 863 598 941 habuistis,
612 874 718 948 grates
734 863 829 928 nobis
845 864 965 928 scimus
981 864 1147 949 speciales,
1161 875 1196 928 et
1210 864 1313 949 speci·
1325 808 1536 946 mxi:

165 968 257 1031 aliter
271 978 397 1052 gratum
414 967 582 1044 hebemus,
598 967 696 1051 quod,
712 977 750 1030 ut
764 968 957 1052 accepimus,
973 970 1148 1033 adventum
1164 979 1313 1032 nostrum
1326 936 1521 1057 qma.

163 1072 197 1134 in
214 1071 362 1155 Angliam
384 1071 658 1155 quamplurimum
679 1070 878 1135 desideretis.
922 1071 1037 1150 Vobis,
1053 1072 1207 1157 rogando,
1222 1093 1314 1135 men·
1327 1064 1462 1139 MD*
1473 1071 1528 1111 Μ

165 1172 291 1250 dantes,
306 1173 470 1256 quatinus,
487 1172 581 1235 sicuti
596 1171 764 1235 retroactis
779 1173 981 1257 temporibus
995 1171 1147 1239 benevos
1158 1173 1315 1259 gessistis,
1325 1136 1434 1255 ,blm
1443 1135 1535 1191 W

165 1274 210 1337 its
235 1275 268 1337 in
293 1275 439 1337 futurum
462 1274 503 1338 ad
529 1273 662 1338 honoris
688 1273 792 1337 nostri
817 1283 851 1336 et
870 1274 971 1338 vestri
996 1274 1242 1354 incrementum,
1256 1296 1316 1338 vos

166 1378 284 1441 habere
305 1377 472 1455 studeatis,
488 1387 525 1440 ut
538 1376 634 1441 nobis
651 1377 727 1441 inde
750 1377 855 1440 honor
875 1388 1034 1442 accrescat
1048 1389 1083 1442 et
1096 1379 1315 1452 commodum,

166 1491 200 1544 et
214 1482 254 1544 sd
269 1491 376 1566 gretes
390 1480 546 1565 speciales
560 1490 738 1545 teneamur.
782 1480 905 1543 Dstum
922 1481 1009 1565 spud
1024 1481 1135 1559 Boret,
1148 1481 1248 1565 xxviij
1265 1480 1317 1545 die

166 1580 357 1645 Decembris
373 1602 459 1645 enno
473 1581 564 1665 regni
580 1581 682 1645 nostri
699 1580 853 1644 secundo.

211 1683 338 1759 Postea,
364 1682 417 1746 die
443 1683 680 1767 Apostolorum
706 1681 848 1767 Philippi
871 1691 906 1745 et
929 1680 1058 1761 Jacobi,
1081 1680 1116 1744 in
1141 1680 1317 1747 Gildhsllis

165 1787 247 1850 lecte
262 1788 394 1849 fuerunt
408 1784 514 1849 littere
530 1785 608 1849 dicti
624 1784 759 1848 Domini
776 1784 874 1869 Regis
889 1783 1022 1848 subhac
1035 1785 1150 1850 forme.

210 1888 401 1965 Edwardus,
417 1887 480 1951 Dei
488 1887 590 1972 grstia
600 1888 671 1951 Rex
688 1887 815 1971 Anglie,
825 1887 988 1951 Dominus
1005 1887 1173 1965 Hibernis,
1188 1899 1223 1951 et
1237 1888 1315 1953 Dux

164 1990 370 2076 Aquitsnnie,
385 1988 510 2052 dilectis
526 1987 588 2052 sibi
604 1988 734 2066 Maiori,
748 1987 944 2066 Batonibus,
953 2000 988 2053 et
1002 1987 1113 2073 probis
1128 1988 1316 2054 hominibus

167 2094 234 2157 suis
261 2092 515 2169 Londonisrum‚
531 2092 679 2156 salutem.
725 2091 777 2155 Ex
797 2091 1000 2175 quorundam
1023 2090 1167 2157 fidelium
1188 2102 1316 2157 nostro-

165 2215 238 2258 rum
261 2194 364 2257 relatn
387 2193 515 2278 plenius
539 2191 769 2271 intelleximus,
796 2192 884 2276 quod
911 2203 1025 2256 contra
1053 2192 1314 2277 solempnitatem

166 2296 385 2362 coronationis
416 2305 540 2374 nostre,
574 2304 673 2381 prout
698 2295 784 2380 regie
816 2293 964 2379 dignitati
994 2305 1028 2359 et
1056 2295 1173 2359 honori
1202 2304 1316 2360 nostro

73 2394 87 2421 ⁹
167 2400 269 2483 magis
295 2397 467 2463 convenire
493 2396 634 2476 creditis,
660 2397 875 2462 diversimode
898 2397 1095 2483 properatin
1127 2418 1225 2482 super
1250 2418 1315 2483 quo

166 2512 272 2585 grates
288 2510 322 2564 et
344 2500 462 2585 gratiss
477 2497 570 2563 vobis
593 2499 773 2577 referimus,
794 2521 874 2584 quas
889 2498 1056 2564 debemus.
1100 2499 1224 2564 Verum
1239 2500 1315 2585 quis

166 2625 241 2667 cum
256 2600 450 2686 quibusdem
476 2599 627 2664 Civitatis
650 2611 761 2664 nostre
788 2600 932 2686 predicte
957 2601 992 2664 in
1008 2601 1157 2686 proximo
1172 2601 1315 2666 sdventu

165 2715 277 2768 nostro
294 2703 446 2781 Parisius,
461 2702 515 2788 qui
531 2712 600 2766 erat
618 2703 736 2767 afesto
752 2702 960 2767 Pentecostes
974 2701 1009 2765 irr
1025 2712 1091 2766 tres
1106 2702 1315 2787 septimense,

163 2807 281 2872 hebere
304 2806 457 2870 volumus
481 2806 677 2891 colloquium
705 2805 854 2890 specisle,
884 2804 977 2870 vobis
1000 2805 1204 2885 mandemus,
1226 2806 1315 2892 quod

165 2920 303 2994 quatuor
322 2909 363 2973 de
383 2906 626 2973 discretioribus
651 2905 787 2972 Civibus
801 2906 919 2970 vestris
943 2906 987 2970 ad
1011 2928 1073 2972 nos
1098 2908 1221 2973 ibidem
1234 2918 1317 2973 tunc

166 3009 313 3074 mittatis.
359 3009 431 3073 Nos
446 3009 546 3084 enim,
561 3009 704 3093 perfecto
719 3007 850 3093 negotio
865 3017 978 3072 nostro
992 3008 1126 3088 ibidem,
1140 3009 1181 3073 sd
1196 3020 1315 3074 terr-sm

165 3122 309 3175 nostram
330 3110 488 3175 divertere
511 3110 735 3195 proponimus,
750 3109 824 3174 Deo
839 3109 949 3174 dante.
992 3109 1191 3174 Mendamus
1215 3111 1315 3175 etism

165 3213 258 3276 vobis
274 3212 361 3296 quod
381 3233 493 3296 pacem
508 3222 542 3276 et
556 3211 822 3298 tranquillitstem
836 3221 871 3274 et
891 3210 1023 3295 justicie
1038 3213 1315 3297 complementum

163 3315 197 3378 in
221 3314 363 3378 Civitete
386 3314 530 3398 predicte
554 3313 689 3378 firmiter
716 3311 880 3378 observari
908 3313 1046 3377 facistis.
1089 3314 1213 3379 Detum
1229 3314 1315 3379 Bur·

165 3417 309 3501 degsliis‚
324 3415 357 3499 iij
370 3416 423 3479 die
437 3414 568 3500 Aprilis,
583 3436 669 3478 anno
683 3413 774 3498 regni
790 3413 893 3477 nostri
908 3414 1062 3478 secundo.

210 3518 309 3596 sHcc
340 3538 437 3594 anno,
470 3525 545 3579 ante
573 3514 789 3580 Pentecosten
814 3524 951 3599 etpost
980 3515 1207 3595 Pentecosten,
1237 3538 1315 3583 corr·
1320 3544 1358 3603 so,
1371 3543 1426 3592 141,
1436 3549 1470 3593 ρ,

166 3620 268 3682 fracte
291 3627 369 3680 sunt
395 3638 454 3700 per
480 3615 640 3680 Maiorem
666 3615 816 3680 Civitatis
842 3636 957 3680 omnes
980 3637 1144 3696 mensure,
1162 3640 1222 3703 per
1235 3640 1315 3705 quas

166 3722 297 3786 bladum
332 3719 457 3784 solebat
485 3720 582 3783 vendi
616 3720 651 3783 in
690 3718 844 3797 Civitste,
878 3729 913 3784 et
946 3741 1033 3785 nova
1063 3731 1141 3785 sunt
1169 3724 1318 3789 coniectu

167 3824 296 3889 maioris
311 3822 521 3907 quantitatis;
545 3844 681 3908 quarum
696 3822 839 3908 quelibet
861 3822 896 3887 in
921 3823 1080 3910 superiori
1104 3834 1196 3910 parts
1219 3825 1318 3912 ligsts

166 3938 218 3992 est
248 3949 314 3991 uno
343 3925 463 3991 circulo
492 3926 606 4005 ferreo,
634 3925 795 3990 inclsvstc
830 3925 930 3991 clsvis
964 3925 1089 4006 lamis,
1116 3950 1158 3992 ne
1186 3930 1318 4015 possint

165 4031 337 4116 aliquando
359 4029 478 4096 falsari.
515 4029 671 4096 Quelibet
684 4050 762 4095 vero
778 4050 942 4112 mensure,
957 4030 1090 4111 scilicet,
1105 4033 1316 4118 qusrteriurn,
