3540 4830
662 464 862 511 ennennrx.
1267 451 1327 508 241

182 635 226 682 pro
245 623 309 668 bone
327 620 448 667 voiuntete
459 624 538 666 noetre
555 618 673 676 hebende,
693 619 756 665 idem
768 617 890 665 Arneidue
907 619 1030 665 oooeeione
1046 618 1154 680 predicte
1164 617 1333 679 perqnoedem

180 704 299 750 einietrem
315 716 371 762 erge
386 702 462 761 ipsum
479 700 623 746 voluntatem
643 700 756 746 hebentes
772 701 801 745 ed
819 700 947 759 quemdem
963 714 1073 761 megnem
1090 701 1191 761 pecunie
1207 713 1334 756 commem,

183 784 334 842 minuejuete
342 783 392 826 eine
404 782 494 826 visneto
504 795 548 826 ouo
559 794 587 826 ec
599 780 661 827 ultre
678 796 751 840 quem
769 781 891 827 nouitate·
901 795 944 827 rue
955 783 1096 838 indicerent,
1107 795 1208 827 maeno
1223 782 1268 827 ibit
1281 799 1287 836 ;
1303 781 1335 826 de

183 879 232 923 que
251 863 351 922 pecunie
365 875 459 908 numme
476 873 497 909 c.
509 876 600 908 mercee
619 876 667 908 non
685 862 736 907 eine
747 875 834 921 megno
844 861 981 922 gremmine
998 860 1117 921 pereoirit.
1154 861 1185 907 iit
1204 874 1260 907 cum
1272 868 1334 920 poet-

184 945 282 991 modnm
294 944 325 989 de
337 944 434 1003 epecieli
450 943 563 989 mendeto
580 950 660 989 noetro
672 942 758 988 dilecto
769 948 793 987 et
810 942 876 987 fideii
891 948 979 998 metro,
991 942 1070 988 Aleno
1081 941 1104 986 ie
1115 941 1198 988 Zuche
1208 947 1267 988 tnnc
1282 955 1335 986 cue·

184 1025 234 1071 todi
258 1024 365 1069 Civitetie
383 1032 408 1069 et
426 1022 607 1068 Conetebuierio
625 1023 709 1068 Turrie
732 1029 811 1069 noetre
831 1023 1009 1070 londonierum
1030 1037 1073 1084 per
1092 1037 1243 1070 communem
1263 1024 1336 1069 totiue

185 1107 292 1152 Ciritetie
300 1105 405 1166 predicte
415 1106 494 1151 eroiue
505 1105 645 1164 inquisitum
656 1110 680 1151 et
690 1103 865 1150 consideretum
876 1111 936 1151 met
944 1119 1024 1151 ocrem
1036 1106 1093 1165 ipeo,
1105 1112 1223 1166 quentum
1234 1105 1336 1165 quilibet

186 1187 249 1233 Civis
258 1188 329 1246 juxte
340 1186 464 1232 ieouitetee
471 1200 526 1232 euee
535 1185 625 1231 eoirere
633 1184 751 1240 debuerit,
763 1191 788 1230 et
799 1191 917 1244 quentum
927 1187 979 1245 Jem
990 1186 1085 1232 solverit
1095 1187 1126 1232 ed
1136 1186 1336 1232 contributionem

185 1268 240 1313 flnie
250 1267 351 1327 predicti
362 1274 386 1313 et
402 1269 476 1329 juxte
494 1266 706 1312 consideretionem
726 1266 791 1311 iiiem
809 1265 919 1325 genereIe
938 1267 1062 1327 teilegium
1072 1281 1186 1313 uenum
1197 1274 1257 1314 net
1266 1281 1339 1328 euper

185 1347 248 1393 oivoe
267 1348 394 1406 predictoe,
412 1354 560 1406 compertum
576 1347 621 1392 init
638 1345 663 1390 in
683 1346 836 1404 inquisitione
855 1345 963 1405 predicte
981 1360 1024 1406 per
1040 1354 1188 1393 recremente
1209 1349 1338 1407 proimrum

187 1429 312 1474 bominum
323 1429 353 1474 do
365 1429 455 1475 rieneto
466 1429 567 1489 predicti
579 1427 680 1473 Arneidi
692 1434 715 1473 et
726 1428 835 1481 eliorum,
844 1427 926 1486 quied
939 1428 1031 1474 dictum
1047 1428 1169 1488 teliegium
1185 1429 1339 1475 eeeidendnm

187 1511 294 1570 deputeti
306 1511 412 1566 inomnt,
421 1511 498 1570 iprum
508 1509 643 1555 Arneidum
655 1508 718 1554 ultre
729 1511 790 1555 viree
801 1509 941 1555 iecuitetum
952 1523 1049 1555 euerum
1057 1511 1109 1570 Jem
1120 1510 1215 1556 roiviree
1226 1527 1233 1566 ;
1242 1517 1340 1569 propter

188 1592 253 1651 quod
271 1606 313 1651 per
330 1592 425 1637 ooedem
445 1592 530 1650 proboe
541 1590 648 1636 bominee
667 1591 786 1650 prorieum
805 1590 851 1636 iuit
866 1603 945 1635 eorem
965 1590 1044 1636 Aieno
1054 1591 1169 1650 predicto,
1181 1590 1246 1650 qnod
1259 1591 1339 1637 dictne

189 1672 311 1719 Ameidue
319 1687 362 1732 per
372 1672 490 1732 predictae
500 1685 523 1719 c.
533 1686 630 1727 mercen,
638 1685 704 1731 quen,
712 1686 761 1717 nne
771 1685 826 1717 cnm
835 1672 934 1730 uiginee
944 1671 1038 1717 duebue
1045 1672 1131 1718 mercie
1141 1671 1199 1717 eiiee
1209 1671 1254 1717 eibi
1262 1671 1338 1731 impo-

188 1755 245 1810 ritir,
253 1755 323 1813 pleno
334 1754 483 1813 pemoireret,
495 1760 543 1799 tem
553 1753 583 1799 de
594 1754 641 1799 iine
652 1754 759 1813 predicto
769 1767 841 1813 quem
850 1753 921 1799 etiem
933 1752 964 1799 de
974 1754 1150 1799 contributione
1159 1752 1194 1800 ie.
1204 1766 1338 1798 meroerum

189 1837 252 1882 ieote
260 1835 320 1894 Regi
328 1835 470 1881 Aiemennie
481 1835 547 1881 iretri
557 1842 636 1881 nostro
643 1835 738 1894 quietue
746 1841 835 1880 enetet
842 1834 995 1881 eeecdebcret
1005 1835 1110 1890 omnino,
1117 1840 1141 1880 ct
1150 1835 1181 1880 ed
1191 1835 1235 1880 hoc
1247 1835 1340 1880 invocet

189 1919 350 1964 teetimonium
360 1917 503 1964 Rotnlorum
512 1916 700 1962 Cememriorum
708 1915 815 1962 civit-te
826 1917 931 1976 predicte
942 1917 973 1962 dc
983 1917 1089 1977 predicto
1099 1917 1204 1977 tellegie.
1228 1916 1341 1962 Nolentee

191 1999 264 2059 igitur
275 2001 366 2046 dictum
380 1999 522 2051 Arneldum.
536 1999 577 2058 qui
589 2013 681 2058 eemper
691 2000 759 2044 nobie
770 2007 794 2045 et
809 2001 893 2046 noetrie
904 2000 1006 2046 iideiiter
1016 2007 1039 2046 et
1050 2005 1186 2045 conetenter
1195 1999 1295 2056 edbceit,
1304 1998 1340 2044 in-

191 2078 271 2126 debite
287 2079 429 2140 pregmveri
441 2080 506 2124 robie
517 2079 617 2124 firmiter
634 2079 786 2139 inJungentee
802 2079 876 2138 quod,
893 2080 1003 2124 ecrutetie
1019 2079 1102 2125 rotuiie
1117 2080 1237 2139 predictie,
1249 2081 1279 2124 eb
1290 2080 1341 2140 ipeo

192 2159 300 2206 Ameldo
312 2163 375 2207 ultre
385 2161 597 2207 consideretioncm
609 2167 633 2206 et
644 2161 831 2207 irrotuletionem
843 2160 977 2221 predictum
988 2160 1062 2206 nichil
1073 2162 1168 2221 penitue
1179 2162 1286 2220 exigetb,
1298 2175 1342 2206 nec

192 2244 271 2301 ipeum
287 2242 409 2286 occasione
420 2240 474 2285 iinie
485 2240 585 2300 predicti
598 2240 628 2284 de
639 2247 717 2285 cetero
734 2239 868 2296 molestetic
885 2241 938 2286 etei
950 2255 1022 2300 quem
1039 2242 1210 2287 dietrictionem
1221 2242 1265 2287 eibi
1276 2255 1343 2287 ooce·

192 2324 258 2368 eione
270 2323 387 2369 ulteriorie
398 2323 528 2368 erectionis
539 2321 611 2381 huJue
621 2322 672 2367 flcri
684 2321 793 2378 ieceritie‚
804 2335 857 2367 eem
869 2323 963 2382 penitus
974 2322 1093 2370 relexetis.
1127 2321 1204 2378 Teste,
1215 2323 1256 2369 de.

229 2404 362 2448 Edwardne
374 2403 418 2449 Dei
429 2403 513 2463 gretie,
525 2403 566 2450 dr.
601 2403 685 2449 bieiori
703 2410 727 2449 et
745 2402 931 2449 Vioecomitibm
943 2403 1121 2450 londonierum
1132 2404 1240 2449 alutem.
1275 2401 1344 2448 Mon·

193 2487 276 2531 etrevit
288 2485 355 2529 nobie
367 2483 489 2529 Ameidue
499 2484 562 2529 iiliue
573 2483 710 2539 Thedmnri,
717 2485 821 2529 concivio
832 2490 915 2540 roten,
924 2484 988 2544 quod
999 2498 1055 2529 cum
1064 2483 1133 2529 (ἦτα
1141 2485 1214 2530 nostri
1224 2484 1344 2530 iondoni·

192 2581 262 2612 erum
274 2580 351 2625 nuper
361 2567 433 2611 iinem
445 2565 554 2611 iecieeent
564 2581 607 2625 pro
619 2572 677 2612 11¹¹⁴
690 2567 775 2611 merck
788 2580 845 2611 oum
858 2565 961 2611 Domino
973 2565 1078 2611 Henrico
1093 2564 1168 2625 Rege,
1180 2571 1246 2625 petre
1256 2573 1345 2621 noem.

194 2663 237 2708 pro
248 2649 311 2693 bone
328 2647 449 2693 voiuntete
464 2647 570 2708 ejusdem
582 2649 655 2707 petrie
672 2649 746 2694 noetri
763 2648 882 2705 hebende‚
893 2648 958 2694 idem
970 2646 1092 2693 Ameidue
1102 2648 1225 2694 oooeeione
1244 2647 1347 2708 predicti

194 2728 257 2783 flnie,
269 2730 310 2775 dr.
325 2725 365 2785 (ut
375 2743 459 2789 supro,
472 2727 566 2774 metatis
577 2728 720 2789 metandis.)

232 2807 238 2872 Ι
253 2809 299 2855 Pro
310 2810 422 2869 predictis
436 2809 519 2855 litteris
530 2809 607 2855 noluit
618 2808 739 2855 Weiterue
755 2809 829 2856 Heni
840 2815 945 2871 tenpore
957 2807 1087 2857 Meioe'etue
1096 2809 1133 2856 eui
1144 2823 1234 2857 omre
1244 2823 1348 2872 eguere·
1354 2800 1394 2862 so·
1405 2796 1419 2848 l
1431 2804 1466 2849 θ’·

195 2893 260 2939 mino
271 2891 372 2952 predicti
384 2891 485 2937 Ameidi
496 2898 580 2937 contre
591 2890 786 2938 irrotnietionem.

230 2973 314 3019 Poetee
325 2971 402 3018 ieotue
418 2977 454 3018 eet
465 2970 542 3018 bieior
554 2970 674 3018 Henricue
690 2972 712 3018 ie
723 2970 827 3032 Weleyr,
838 2972 889 3032 qul,
903 2986 960 3019 cum
978 2971 1099 3033 eiiquibue
1110 2972 1208 3020 Civibue
1222 2972 1309 3034 juretk
1317 2972 1349 3017 ed

196 3053 357 3100 exeminende
367 3053 487 3114 erreregie
497 3054 606 3100 omnium
617 3053 777 3115 bingionum,
788 3054 851 3100 eicut
870 3054 1005 3114 predictum
1016 3062 1059 3111 eet,
1077 3054 1204 3114 exigebent
1223 3054 1254 3099 eb
1265 3053 1350 3100 eodem

197 3134 318 3192 quendem
338 3134 439 3194 pecunie
450 3148 568 3179 eummem
587 3140 670 3180 contre
689 3134 822 3194 predictem
842 3133 1030 3180 irrotnietionem
1043 3151 1050 3189 3
1065 3133 1108 3192 qui
1128 3147 1183 3179 reto
1193 3133 1309 3179 eoccdcm
1319 3133 1350 3179 ed

197 3214 290 3259 ouriem
302 3213 399 3259 Domini
411 3212 484 3273 Regin
495 3213 630 3273 impetierit
641 3214 728 3259 iterum
739 3213 830 3259 litteree
842 3211 916 3272 Regie
928 3210 1013 3256 bieiori
1021 3211 1150 3257 etCiribue
1160 3211 1268 3258 directa
1291 3211 1351 3267 Qni-

198 3294 243 3338 bue
255 3292 321 3337 lectis
332 3299 356 3338 et
373 3291 499 3337 intellectu
510 3299 677 3338 eonoeeeernnt
696 3292 820 3337 obeerrere
839 3290 928 3337 dictem
940 3288 1128 3335 irrotuietionem
1140 3307 1147 3347 ς
1162 3289 1204 3335 eed
1214 3295 1294 3336 temen
1306 3290 1351 3350 ipei

198 3373 325 3418 voluerunt
336 3371 401 3430 quod
413 3371 493 3418 dictue
504 3371 626 3417 Arneidue
639 3374 734 3432 Jureret
745 3371 776 3417 ed
791 3385 877 3418 eurum
890 3369 983 3431 Regino
1001 3375 1026 3415 ct
1043 3368 1074 3413 ed
1085 3369 1144 3414 eiiee
1162 3382 1278 3429 expenne
1288 3370 1351 3416 tivi·

198 3455 253 3500 totis
264 3452 440 3512 eoqnietendee.
475 3452 547 3499 Unde
558 3454 592 3499 ite
601 3454 712 3499 convenit
723 3453 786 3500 inter
797 3453 916 3512 predictoe
928 3451 1042 3498 ideiorem
1053 3456 1078 3496 ct
1088 3451 1157 3497 Circe
1167 3465 1196 3498 eo
1214 3451 1351 3513 predictum

199 3536 344 3590 Amidam,
354 3535 417 3581 eicut
428 3535 577 3590 subnotetur,
588 3535 653 3594 quod
665 3535 737 3582 alem
748 3536 860 3581 ecribitur
870 3535 895 3581 in
909 3532 998 3582 Rotuio
1010 3532 1210 3580 eumenem

234 3615 418 3662 Memorendum
430 3629 485 3660 cum
498 3615 601 3674 quedem
613 3630 706 3661 tumme
717 3616 819 3676 pecunie
830 3616 904 3676 petite
915 3615 998 3661 minoe
1008 3614 1040 3660 de
1048 3612 1156 3660 ern-ido
1166 3613 1216 3660 diio
1223 3611 1352 3661 meineri

199 3712 280 3746 eorem
293 3696 396 3742 Domino
409 3694 516 3743 Henrioo
527 3696 549 3742 ie
562 3694 664 3756 Weieye,
683 3695 773 3743 bieiore
786 3694 973 3748 [ondonierum.
985 3699 1010 3739 ct
1023 3693 1168 3753 qmbuedem
1178 3693 1231 3740 eiiie
1242 3692 1352 3752 cirione,

200 3793 303 3839 quornm
315 3779 414 3824 nomine
424 3778 617 3835 euiecribuntur,
628 3792 672 3840 per
682 3785 756 3824 totem
766 3790 919 3823 communem
930 3775 1039 3822 Ciritetie
1048 3776 1174 3821 ettornetb
1183 3780 1208 3822 et
1223 3776 1310 3836 juretie
1320 3778 1351 3824 ed

199 3861 319 3920 emeregie
330 3859 438 3904 omnium
449 3861 604 3906 unionum
616 3866 640 3906 ct
659 3859 809 3921 tellegiorum
824 3864 895 3904 entee
906 3857 1022 3903 ieoterum
1034 3857 1059 3903 in
1071 3855 1175 3903 Ciritete
1185 3858 1353 3916 enminende,

199 3949 224 3989 ot
240 3956 312 4001 super
322 3941 367 3987 boo
379 3941 442 3987 inter
459 3942 577 4002 predictoe
589 3942 703 3988 Ueiorem
722 3948 747 3988 et
767 3939 837 3989 Circe
847 3953 876 3986 eo
887 3940 1022 4000 predictum
1042 3938 1177 3985 Arneidnm
1194 3952 1237 4000 per
1255 3939 1352 4000 eiiqeod

200 4031 294 4085 tempne
305 4024 386 4070 iuieeet
394 4024 543 4083 eitoroetum,
550 4025 616 4085 quod
624 4024 721 4072 tendem
733 4025 796 4072 inter
809 4020 814 4085 Ι
827 4019 1207 4083 prcdietoeileioremetfflreeeo
1217 4021 1352 4083 predictum
1358 4034 1398 4096 so,
1409 4031 1425 4083 2
1436 4039 1468 4085 ρ,

247 4124 360 4169 ceren.
377 4123 450 4170 soc.
940 4109 960 4163 2
986 4121 998 4164 1
