3540 4830
462 460 715 506 vicacourruu
741 459 1026 506 cosnosrasurr.
1258 445 1319 503 109

171 638 243 680 mm
268 615 403 680 aliorum
429 614 623 698 Magnatum
647 612 737 697 regni
762 611 899 696 Anglie3
921 610 1054 695 quodie
1069 610 1232 675 Dominus
1248 610 1319 675 Rex

171 717 291 781 ibidem
322 716 354 778 in
385 736 499 797 magna
529 713 601 776 aula
630 735 688 774 sua
717 713 823 776 tenuit
852 733 1001 795 magnam
1023 722 1057 776 et
1085 711 1319 775 nobilissimam

172 821 304 896 curiam,
320 819 452 894 scilicet,
468 839 554 879 nono
570 816 621 879 die
637 816 769 899 Aprilis,
785 826 863 879 tunc
879 816 1035 899 temporis
1052 815 1223 900 Hokeday.

218 924 292 986 Hoc
318 944 403 984 anno
430 923 463 983 in
490 922 573 983 sesto
600 919 709 982 Sancti
737 918 953 997 Erkenwaldi,
975 919 1106 996 scilicet,
1127 920 1242 982 ultimo
1269 918 1321 981 die

173 1027 304 1110 Aprilis,
319 1025 515 1108 precipiente
532 1023 675 1085 Domino
699 1022 785 1105 Rege
806 1022 899 1085 electi
919 1033 997 1085 sunt
1012 1045 1069 1106 per
1085 1022 1181 1086 Cives
1198 1021 1322 1086 Rober·

173 1141 228 1193 tus
254 1129 294 1191 de
312 1126 514 1203 Corenliellc,
540 1126 683 1188 Thomas
699 1125 739 1187 de
761 1125 929 1208 Basinges,
948 1126 1127 1189 Edwardus
1137 1132 1150 1204 l
1161 1125 1366 1203 Blundus,so.
1380 1140 1427 1188 112
1438 1155 1508 1189 m.

174 1231 338 1294 Walterus
363 1230 392 1292 le
415 1229 523 1305 Poter,
538 1227 733 1290 Willielmus
752 1227 792 1290 de
820 1227 1018 1306 Hadestolre,
1034 1240 1068 1293 et
1082 1228 1267 1292 Anketillus
1282 1227 1323 1291 ds

174 1336 336 1410 Aurerne,
349 1332 403 1415 qui
420 1331 517 1394 tercia
528 1332 579 1394 die
591 1329 858 1414 postea.prosecti
874 1341 951 1392 sunt
965 1331 1052 1414 apud
1069 1331 1323 1414 Wyndleshores

174 1437 213 1499 ad
231 1437 409 1499 Dominum
428 1435 558 1516 Regem,
568 1446 601 1496 et
613 1433 643 1494 in
658 1433 797 1495 crastino
813 1432 910 1513 elegit
925 1433 1086 1495 Dominus
1104 1434 1173 1496 Rex
1189 1434 1228 1497 de
1244 1432 1323 1517 ipsis

175 1561 230 1602 sex
252 1539 339 1613 viris,
358 1536 535 1598 Robertum
552 1536 591 1599 de
609 1534 800 1597 Corenhellc
816 1547 849 1596 et
863 1534 1022 1597 Thomam
1039 1535 1079 1598 de
1101 1535 1267 1618 Basinges,
1286 1543 1324 1598 ut

174 1650 284 1704 essent
302 1638 415 1700 Ballivi
431 1637 481 1699 sui
500 1636 735 1720 respondentes
750 1635 854 1698 eidem
871 1635 910 1697 de
926 1634 1066 1698 exitibus
1081 1636 1324 1700 vicecomitatus

175 1741 417 1805 Londoniarum
441 1749 475 1801 et
502 1737 704 1801 Midelsexie.
750 1738 816 1802 Qui
839 1759 915 1802 sero
941 1737 1104 1801 Robertus
1126 1749 1161 1802 et
1180 1739 1324 1802 Thomas

175 1845 208 1906 in
225 1844 372 1926 proximo
389 1842 440 1904 die
457 1842 560 1917 Lune,
576 1852 748 1925 postquam
764 1841 938 1916 redierunt,
954 1841 1130 1924 presentati
1145 1841 1276 1903 luerunt
1290 1840 1324 1904 in

177 1945 322 2009 Gildhall
345 1943 588 2007 Londoniarum
612 1965 719 2006 coram
742 1944 974 2007 communitate
995 1942 1141 2026 ejusdem
1165 1942 1325 2021 Civitatis,

176 2048 307 2124 scilicet,
323 2048 353 2130 vj
372 2046 423 2109 die
441 2046 531 2108 Maii.

222 2151 296 2213 Hoc
321 2171 418 2226 anub,
434 2149 486 2212 die
508 2149 662 2213 Mercurii
677 2150 710 2212 in
727 2149 907 2234 septimana
929 2150 1147 2227 Pentecostcs,
1163 2149 1326 2213 Dominus

179 2252 349 2328 Henricus,
372 2251 457 2313 filius
482 2251 580 2334 Regis
606 2251 807 2327 Alemannis,
831 2251 1041 2335 desponsavit
1062 2252 1149 2335 apud
1170 2251 1327 2336 Wyndle·

177 2377 265 2419 sores
282 2355 378 2417 filiam
403 2354 570 2437 cujusdem
594 2353 712 2417 nobilis
734 2355 774 2418 dc
795 2355 1004 2438 Aquitannis,
1019 2355 1149 2418 nomine
1166 2353 1326 2419 Gasconis

176 2457 216 2520 de
234 2458 382 2540 Byernia.

223 2558 485 2635 blemorandum,
500 2558 672 2642 quodcum
689 2557 851 2621 Dominus
863 2558 944 2633 Rex,
959 2567 1037 2620 tunc
1052 2557 1208 2642 temporis
1223 2557 1327 2622 tribus

177 2661 271 2722 annis
283 2661 619 2744 elapsis‚concesserat
631 2661 775 2723 Domino
788 2660 959 2736 Eduardo,
969 2659 1036 2722 lilio
1049 2682 1238 2744 suo,capere
1252 2682 1329 2724 con·

179 2762 384 2824 suetudinem
401 2762 440 2824 de
456 2760 607 2824 omnibus
628 2761 724 2824 rebus
739 2783 797 2845 per
813 2783 899 2825 mare
915 2761 1119 2825 venientibus
1135 2762 1167 2824 in
1179 2762 1329 2845 Angliarn

178 2876 212 2928 et
227 2865 267 2927 dc
280 2865 397 2947 Anglia
411 2864 617 2943 exeuntibus,
632 2875 666 2928 et
681 2865 751 2949 ipsa
766 2865 968 2928 consuetudo
983 2864 1117 2927 dimissa
1131 2864 1246 2929 luisset
1259 2864 1330 2948 qui·

178 2967 316 3031 busdam
335 2967 466 3031 ltallicis
481 2968 521 3030 ad
537 2968 662 3031 firmam
680 2968 843 3032 reddendo
860 2967 1003 3030 Domino
1019 2967 1179 3031 Edwardo
1194 2969 1225 3050 vj
1243 2967 1330 3030 mille

179 3091 301 3132 marcas
314 3091 512 3153 perannum,
526 3069 588 3153 ipsi
602 3069 716 3133 ltallici
728 3071 924 3154 exigerunta
935 3069 1071 3132 Civibus
1087 3069 1330 3133 Londoniarum

179 3171 325 3236 eamdem
349 3172 627 3249 consuetudinem,
643 3183 676 3236 ct
690 3173 882 3236 rademonia
905 3172 946 3235 ab
972 3173 1019 3235 eis
1042 3182 1197 3254 ceperunt
1219 3182 1331 3235 contra

180 3295 254 3337 suas
278 3272 452 3336 libertates.
497 3272 594 3337 Cives
606 3296 682 3337 vero
698 3274 847 3337 adierunt
863 3275 1042 3337 Dominum
1058 3273 1264 3351 Edwardum,
1279 3295 1331 3337 ro·

177 3387 290 3456 gantes
317 3393 402 3448 cum,
427 3394 468 3435 ne
494 3373 557 3436 tale
580 3373 694 3455 jugum
722 3374 887 3437 servitutis
908 3374 955 3437 eis
979 3375 1181 3455 permitteret
1206 3373 1331 3457 imponi

178 3484 289 3538 contra
310 3472 473 3535 libertates
497 3494 553 3556 per
579 3484 682 3535 cartas
698 3474 834 3536 Domini
850 3473 959 3554 Regis,
975 3474 1076 3556 patris
1093 3474 1155 3549 sui,
1169 3485 1203 3538 et
1218 3474 1332 3558 prede·

179 3597 343 3639 cessorurn
369 3594 513 3649 suorum,
543 3572 669 3656 Regum
696 3574 822 3658 Anglie,
838 3575 884 3637 eis
900 3596 1092 3651 concessas;
1115 3576 1202 3640 unde
1218 3575 1333 3639 Domi·

181 3701 243 3742 nus
271 3675 449 3739 Edwardus
475 3674 687 3758 quietanciam
715 3677 858 3760 predicte
885 3677 1130 3740 consuetudinis
1155 3678 1195 3741 ad
1221 3699 1332 3761 preces

182 3803 293 3847 eorum
306 3780 352 3842 eis
364 3777 686 3855 concessit,laciendo
696 3779 742 3841 cis
755 3801 853 3863 super
864 3779 926 3843 boc
935 3779 1057 3842 litteras
1069 3786 1165 3858 suas!
1173 3792 1331 3864 patentes.
1337 3801 1376 3860 so.
1389 3797 1436 3846 11³
1447 3804 1513 3846 m

184 3884 292 3962 Cives,
307 3902 395 3958 vero,
410 3881 555 3945 fecerunt
569 3880 598 3943 ei
615 3878 849 3959 curialitatem,
864 3880 979 3944 dantes
994 3881 1024 3945 ei
1039 3902 1086 3946 cc.
1101 3903 1235 3946 marcas.
