3540 4830
433 428 478 484 ⁴0
794 434 955 481 ceneten
982 432 1155 478 sternetur
1181 435 1226 480 er

432 587 601 675 conqoeeti
613 596 693 652 eunt
705 585 745 651 de
756 584 1012 651 meitiboe
1027 598 1061 649 et
1073 584 1209 650 Civibus
1228 584 1583 673 Londoniernm‚qnorl

432 693 496 778 ipsi
522 692 642 775 injuste
667 688 839 774 cepiebent
864 686 1117 752 consuetudines
1143 698 1234 751 estre
1258 698 1386 772 portem
1418 688 1582 753 Petrinern

433 815 531 880 super
547 793 696 868 Pontem,
721 791 848 855 deeicut
873 790 918 854 illi
943 789 1041 854 nichil
1062 791 1145 874 juris
1170 788 1327 854 deberent
1351 788 1469 856 bebere
1498 790 1586 857 ultre

432 908 561 982 portem
575 895 776 959 Tomeeiem.
811 890 947 958 Civibus
962 912 1041 957 rero
1055 891 1261 957 venientibus
1286 913 1360 957 cem
1375 893 1584 958 vicecomiti·

432 999 495 1063 bue
510 999 579 1062 suis
593 1018 651 1083 per
665 996 687 1062 J
691 997 867 1060 uetitierioe
882 996 1089 1059 summonitie
1104 1006 1264 1060 venerunt
1277 995 1319 1058 ed
1333 996 1490 1061 &netum
1512 996 1583 1061 Sel·

432 1113 578 1164 vetorem
592 1120 699 1162 eorem
715 1096 868 1183 predictis
882 1095 1085 1172 lenociniis,
1101 1107 1136 1161 et
1158 1096 1340 1162 delerentee
1354 1119 1464 1163 recum
1479 1111 1584 1163 certee

434 1225 521 1279 suee,
538 1201 694 1265 dixerunt
711 1199 799 1284 quod
826 1220 891 1262 non
921 1210 1110 1262 tenerentur
1139 1198 1290 1283 pleeitere
1320 1198 1378 1277 ibi,
1403 1221 1464 1265 nee
1491 1214 1585 1265 extre

434 1325 544 1368 muros
568 1302 719 1366 Cisitetie
735 1300 885 1385 placitare
902 1300 1091 1374 voluerunt3
1113 1301 1183 1377 sed,
1200 1313 1292 1365 estre
1314 1302 1451 1366 formem
1474 1302 1583 1387 pleciti

433 1406 607 1470 voluerunt
626 1423 865 1487 recognoscere,
879 1403 968 1486 quod
989 1402 1072 1467 bene
1095 1403 1205 1467 liceret
1225 1403 1480 1469 Vioecomitibee
1496 1405 1584 1469 lann-

434 1509 602 1573 donierum
611 1527 723 1591 cepere
734 1505 987 1570 consuetudines
997 1518 1088 1569 estre
1103 1505 1280 1590 predictem
1290 1518 1428 1591 portem,
1441 1509 1584 1572 etetiem

434 1632 536 1695 usque
551 1609 592 1673 ed
607 1608 762 1694 etepellos
783 1606 904 1671 ibidem
920 1607 1013 1685 sitne,
1027 1608 1103 1692 quie
1120 1620 1190 1671 tote
1204 1629 1288 1692 eque
1300 1608 1466 1675 Themide
1484 1610 1584 1695 perti·

435 1726 490 1779 net
505 1712 545 1776 ed
557 1711 744 1789 Civitetem,
758 1723 791 1775 et
805 1731 933 1795 semper
954 1709 1138 1795 pertinebet
1153 1721 1187 1775 et
1198 1732 1310 1775 verres
1323 1730 1412 1777 mere
1430 1712 1583 1798 nsqeeed

434 1838 557 1881 norum
571 1814 740 1900 gurgitem.
783 1812 929 1877 Tendem
955 1812 1067 1876 multis
1093 1813 1357 1879 eltercetionibue
1379 1816 1464 1881 inter
1477 1815 1586 1880 Jueti·

434 1920 545 1983 tierios
560 1928 594 1980 et
603 1917 701 1980 Circe
712 1915 814 1990 lectis,
823 1912 997 1978 Justitierii
1011 1917 1155 1978 lecerunt
1167 1916 1295 2001 inquiri,
1306 1916 1381 1982 licet
1393 1916 1491 1982 Ciree
1506 1936 1541 1981 ee
1550 1919 1584 1981 in

435 2021 644 2106 inquisitione
658 2041 723 2081 non
740 2028 929 2102 posuerunt,
941 2037 998 2101 per
1009 2031 1246 2083 monimentum
1258 2018 1429 2085 duodecim
1445 2020 1584 2085 mditum

435 2123 476 2187 de
492 2123 625 2206 Sureye,
640 2133 748 2182 utrum
765 2118 979 2182 vicecomites
996 2119 1241 2183 londonium
1254 2119 1394 2205 eliquem
1409 2136 1585 2185 consuetu·

437 2225 546 2290 dinem
572 2234 664 2287 extre
686 2232 791 2284 metes
813 2242 889 2283 sues
911 2220 1084 2304 cepiseent.
1130 2220 1197 2286 Qui
1217 2221 1316 2305 jureti
1330 2222 1482 2287 dirorum
1496 2224 1585 2308 qood

435 2326 573 2412 predicti
584 2324 799 2388 Vicecomitee
807 2323 897 2406 juste
907 2321 1027 2386 ibidem
1038 2321 1587 2411 eonsuetudinemeeperepoeeent,

435 2431 510 2515 quie
524 2449 626 2513 usque
640 2426 681 2491 ed
705 2426 866 2511 predictoe
887 2425 1041 2508 stepelloe
1063 2437 1169 2490 totum
1186 2426 1328 2511 pertinet
1339 2427 1381 2491 ed
1397 2427 1586 2507 Cinneis-s,

341 2565 399 2609 ,..·„
435 2545 468 2595 et
484 2530 591 2594 nullus
607 2527 727 2612 eliquid
739 2528 822 2611 juris
847 2526 943 2591 hebet
962 2527 995 2589 in
1010 2527 1186 2605 lbem‘uie,
1200 2549 1303 2614 neque
1317 2529 1359 2593 ed
1370 2552 1493 2596 mrum
1509 2552 1587 2617 gur·

433 2637 544 2719 glum,
561 2633 621 2695 nisi
638 2633 735 2693 Ciues
752 2631 1006 2694 londoniarum.

480 2737 558 2799 Post
581 2734 642 2797 boc
672 2732 835 2816 predictus
865 2731 1079 2808 Justitieriue‚
1107 2733 1270 2799 eeeocieto
1298 2756 1409 2800 recum
1438 2736 1585 2822 predicto

437 2840 573 2921 Rogero,
588 2835 722 2899 accessit
739 2834 779 2896 ed
796 2834 959 2897 Gildhelle
976 2835 1230 2914 londonium,
1244 2848 1279 2901 et
1292 2836 1337 2902 ibi
1352 2839 1459 2903 tenuit
1469 2839 1586 2924 pleeite

435 2942 475 3005 de
490 2940 544 3003 die
555 2941 587 3002 in
603 2938 700 3012 diem,
715 2937 755 2999 de
767 2935 919 2999 omnibus
936 2938 1009 3015 illis,
1031 2938 1085 3021 qui
1107 2939 1340 3023 querimoeiem
1356 2940 1460 3005 iecere
1474 2941 1585 3006 volue-

435 3054 524 3120 runt,
545 3054 579 3106 et
599 3040 825 3117 incontinenti,
849 3040 938 3103 nulle
961 3041 1142 3105 retionebili
1165 3042 1420 3107 eum-emtione
1434 3045 1518 3109 lecte
1533 3045 1585 3109 rel

435 3146 564 3211 ceeoino
591 3143 745 3219 edmieso,
771 3142 826 3206 ille
852 3144 1036 3208 terminer-it
1062 3145 1152 3208 nullo
1171 3145 1255 3230 jur‘u
1275 3146 1390 3211 ordisse
1412 3146 1589 3213 obeermto

437 3260 550 3313 contre
576 3246 662 3331 leges
685 3246 846 3321 Civitetie,
869 3258 903 3310 et
924 3248 1021 3311 etiem
1045 3259 1158 3311 contu
1179 3247 1314 3333 legeeet
1334 3250 1588 3315 monetesdinee

436 3351 609 3436 cujuslibet
634 3349 724 3413 liberi
748 3351 888 3414 bominis
914 3350 956 3414 de
981 3372 1082 3435 regno
1103 3351 1230 3435 Aeglie.
1274 3350 1372 3418 Qnod
1396 3374 1473 3419 reto
1488 3352 1587 3419 cive·

436 3477 564 3539 semper
586 3454 899 3537 mlunpnisvemne,
921 3453 1066 3518 dicentes
1081 3453 1169 3538 quod
1193 3453 1304 3517 nudus
1317 3454 1416 3519 debet
1435 3456 1587 3541 phcitere

436 3560 468 3623 in
483 3559 624 3622 Ciritete
636 3557 677 3620 de
697 3555 1007 3639 migrationibus
1030 3554 1149 3620 ibidem
1172 3556 1278 3635 neos,
1292 3558 1354 3622 niei
1370 3557 1587 3623 Vioeenmitoe

438 3662 699 3733 Londonierum;
723 3672 773 3723 set
799 3659 897 3723 nicbil
926 3660 1059 3744 proluit.
1095 3659 1219 3723 Tenes
1249 3659 1349 3725 cives
1377 3660 1587 3725 reddidereot

434 3765 555 3847 judicie
569 3764 609 3826 de
625 3760 778 3825 omnibus
794 3762 825 3824 in
843 3760 984 3825 Ciritete
999 3759 1216 3837 menerstiboe
1232 3762 1286 3845 qui
1301 3762 1443 3827 merleti
1455 3763 1588 3827 tmen

437 3866 487 3929 vel
510 3865 692 3928 inciderunt
713 3885 771 3947 pro
798 3863 877 3925 lelee
897 3863 1031 3947 loquele.
1078 3863 1204 3927 Eodem
1223 3874 1370 3949 tempore
1384 3863 1588 3929 Junitieriee

438 3968 513 4031 lecit
533 3966 642 4029 renire
661 3986 770 4029 curem
786 3986 821 4028 ee
835 3976 869 4028 et
892 3984 1002 4028 eorem
1017 3966 1147 4029 Comite
1169 3965 1370 4031 Gloueeenie
1390 3986 1506 4031 ennee
1519 3968 1588 4053 pie-
