3540 4830
485 504 742 551 vrcscossrrorr
769 502 1052 548 touoorsrnauu.
1295 487 1337 544 93

199 653 357 740 Baptiste,
381 656 532 721 dominus
559 656 681 720 Alanus
711 656 742 719 la
771 653 880 717 Suohe
908 653 1014 717 saetam
1044 664 1096 718 est
1126 649 1339 716 Constabula·
1353 663 1516 711 Μιωιι

196 758 263 821 rius
277 760 401 837 Turris,
416 770 449 823 et
465 759 586 824 Custos
597 759 746 824 Civitatis
756 780 814 842 per
829 756 1008 822 Dominum
1020 757 1142 839 Regem
1158 753 1199 816 ad
1211 773 1339 817 crucem
1352 729 1433 777 Μ

196 858 307 923 Sancti
323 860 413 923 Pauli
426 883 533 924 eoram
549 861 637 923 omni
653 861 785 944 populo.

241 960 356 1025 Postea
372 960 423 1024 die
439 960 612 1023 Dominiea
626 959 770 1044 precepit
783 959 945 1021 Dominus
962 958 1045 1035 Rex,
1061 966 1098 1019 ut
1112 955 1145 1018 in
1162 954 1339 1019 crastinum

195 1061 236 1124 de
255 1061 388 1145 singulis
411 1060 542 1124 Wardis
564 1070 642 1124 tune
667 1061 833 1123 venissent
854 1059 968 1143 viginti
992 1058 1152 1135 homines,
1175 1056 1278 1142 parati
1298 1055 1339 1118 ad

194 1164 464 1247 prosternendum
491 1163 660 1241 fossatum,
675 1161 762 1246 quod
778 1161 898 1225 Comes
913 1160 982 1224 fieri
997 1161 1085 1237 fecit,
1105 1160 1151 1222 ita
1165 1158 1252 1244 quod
1274 1179 1340 1221 non

195 1275 363 1349 appareret
377 1264 467 1328 loeus
482 1264 563 1347 ejus.

239 1364 502 1443 Memorandum,
518 1364 604 1449 quod
621 1386 682 1448 pax
699 1364 782 1427 lacta
797 1363 859 1426 fuit
873 1363 958 1426 inter
974 1363 1153 1426 Dominum
1170 1363 1292 1446 Regem
1308 1372 1341 1425 et

196 1464 358 1530 Comitem
390 1466 588 1531 Glouvemie
619 1466 651 1528 in
688 1466 791 1529 forma
821 1463 1025 1548 subscripte3
1063 1463 1224 1540 videlieet,
1254 1461 1341 1548 quod

195 1567 358 1630 Dominus
389 1566 459 1629 Rex
484 1567 609 1630 remisit
633 1567 678 1630 illi
703 1575 737 1630 et
759 1564 911 1628 omnibus
927 1564 967 1628 de
992 1564 1124 1642 familia,
1139 1565 1292 1627 societate
1308 1574 1342 1627 et

194 1668 303 1731 omitia
313 1690 381 1746 sua,
391 1677 425 1731 et
434 1669 584 1731 omnibus
592 1664 875 1732 Londoniensibus
888 1687 1018 1729 omnem
1029 1666 1119 1741 iram,
1131 1686 1295 1728 rancorem
1309 1676 1343 1729 et

194 1769 451 1854 indignationem
466 1780 499 1833 et
514 1791 644 1833 omnem
666 1768 782 1832 malam
803 1766 1015 1842 voluntatem,
1031 1787 1127 1850 quam
1143 1764 1257 1830 habuit
1271 1787 1342 1830 ver·

194 1892 250 1933 sus
265 1892 321 1934 eos
337 1872 505 1935 occasione
521 1872 813 1957 transgressionum
828 1879 862 1932 et
876 1868 1009 1930 aliarum
1022 1888 1128 1930 rerum
1138 1888 1197 1952 per
1206 1888 1262 1931 eos
1279 1869 1342 1932 sac·

194 1982 299 2035 tarum
326 1973 359 2035 in
386 1984 470 2036 terra
485 1975 536 2038 rel
560 1974 593 2037 in
609 1996 702 2058 aqua,
717 1982 891 2058 postquam
908 1971 1015 2034 dictus
1031 1969 1151 2034 Comes
1166 1981 1343 2034 recesserat

193 2075 486 2154 ultimanallis,
501 2086 536 2140 et
551 2076 629 2140 dum
656 2098 778 2139 moram
810 2076 886 2139 fecit
915 2075 948 2137 in
973 2075 1124 2138 civitate.
1184 2073 1230 2137 Et
1254 2075 1341 2158 quod

194 2176 356 2239 Dominus
375 2176 446 2240 Rex
462 2177 658 2263 acquietabit
681 2200 795 2242 omnes
819 2178 891 2242 illos
903 2199 1016 2241 versus
1043 2197 1156 2239 omnes
1171 2185 1295 2258 gentes,
1309 2184 1343 2237 et

194 2299 259 2340 non
275 2278 442 2361 permittet
456 2279 595 2363 aliquem
611 2278 740 2342 illorum
767 2279 963 2343 oceesionari
981 2278 1031 2341 vel
1047 2276 1201 2362 appellari
1216 2275 1340 2339 ratione

192 2379 409 2463 predictarum
426 2381 719 2464 transgressionum
733 2405 743 2457 ;
765 2390 901 2465 excepto
917 2390 1024 2442 tamen
1037 2377 1124 2462 quod
1138 2386 1341 2453 mereatores,

191 2481 246 2564 qui
263 2503 329 2544 non
345 2483 592 2546 intromiserunt
607 2504 641 2546 se
657 2483 697 2546 de
720 2503 852 2567 gwerra,
867 2480 1008 2544 habeant
1034 2479 1164 2563 plenam
1179 2478 1339 2542 actionem

192 2582 232 2644 ad
259 2585 513 2666 recuperandum
542 2587 771 2650 tantummodo
796 2583 910 2648 catalla
934 2604 1003 2658 sua,
1028 2580 1097 2643 sine
1124 2579 1341 2644 misericordia

193 2683 326 2746 Domini
343 2685 451 2768 Regis,
466 2707 525 2771 per
547 2686 650 2771 legem
670 2697 764 2751 terre.
811 2683 856 2747 Et
877 2684 964 2768 quod
981 2695 1074 2762 terre,
1090 2682 1207 2745 domus
1221 2691 1255 2744 et
1269 2683 1340 2745 red·

192 2785 290 2862 ditus,
307 2786 375 2869 lqui
396 2786 463 2850 dati
478 2799 566 2866 sunt,
581 2798 647 2852 tam
672 2810 730 2874 per
746 2790 866 2871 Regem
882 2806 978 2869 quam
1003 2807 1060 2870 per
1076 2783 1250 2862 Comitem,
1265 2794 1385 2868 postso.
1399 2800 1445 2848 los
1457 2810 1487 2849 ιο.

190 2887 371 2971 predictum
381 2909 543 2952 recessum
554 2890 693 2954 Comitis
706 2891 746 2954 de
756 2885 883 2963 Wallia,
894 2887 1027 2950 omnino
1039 2897 1238 2951 revocentur.
1262 2887 1340 2953 Dio·

190 2999 243 3052 tus
269 3011 346 3054 vero
374 2988 494 3054 Comes
518 2990 673 3076 obligavit
699 3015 733 3057 se
759 3003 959 3057 sacramento
983 2994 1131 3079 prestito,
1155 2994 1242 3078 quod
1272 3016 1338 3059 non

190 3091 335 3155 movebit
348 3113 501 3175 gwerram
517 3113 629 3156 versus
641 3095 820 3160 Dominum
835 3097 967 3181 Regem,
977 3106 1011 3159 et
1024 3097 1100 3160 inde
1115 3096 1190 3160 feeit
1205 3095 1338 3173 litteras,

188 3203 222 3256 et
236 3193 361 3257 invenit
376 3193 501 3278 plegios
515 3193 575 3257 sub
591 3217 676 3279 pena
697 3197 808 3262 decem
833 3196 968 3261 millium
984 3219 1173 3262 marearum.
1217 3197 1338 3262 Ethee

188 3314 273 3378 pena
297 3293 405 3357 locum
431 3294 559 3371 hebeat,
575 3316 744 3380 quousque
770 3301 890 3364 sciatur
915 3322 934 3363 a
961 3299 1105 3363 Domino
1129 3299 1226 3382 Papa,
1241 3299 1269 3363 si
1283 3298 1338 3362 illa

188 3417 273 3480 pens
296 3395 325 3458 ei
345 3395 508 3458 sufficiens
531 3395 691 3476 videatur,
715 3412 748 3464 et
774 3401 927 3487 quicquid
954 3400 1117 3464 Dominus
1133 3400 1221 3485 Papa
1240 3422 1338 3486 super

188 3497 251 3558 hoe
272 3495 478 3572 ordinaverit,
493 3495 598 3559 dictus
625 3497 745 3564 Comes
771 3512 901 3566 tenetur
926 3500 1106 3565 observare.
1151 3501 1196 3564 Et
1211 3501 1269 3565 hec
1284 3523 1335 3566 or·

187 3597 309 3662 dinatio
344 3595 441 3662 debet
470 3595 539 3660 fieri
569 3597 651 3662 infra
689 3602 809 3667 festum
841 3602 1078 3668 Purifieationis
1107 3602 1200 3667 beate
1229 3602 1335 3667 Marie

186 3699 334 3784 proximo
349 3709 533 3762 venturum.

227 3802 320 3865 'lime
335 3801 490 3886 temporis
504 3801 627 3866 remisit
643 3804 805 3870 Dominus
819 3809 889 3872 Rex
905 3806 1188 3873 Londouiensibus
1203 3829 1333 3873 omnem

185 3904 301 3968 malam
317 3903 528 3982 voluntatem,
543 3926 638 3989 quam
653 3906 768 3972 habuit
789 3933 901 3975 versus
927 3933 984 3976 sos
1008 3910 1176 3976 oooasione
1192 3910 1335 3995 predicta

185 4029 241 4091 per
256 4007 363 4072 literas
379 4029 454 4070 suas
466 4016 613 4091 patentes
629 4019 661 4073 et
677 4009 886 4097 subscriptas.
