3540 4830
480 454 521 517 52
836 468 997 515 cnosrcs
1024 470 1199 515 usionuu
1225 468 1273 515 ιτ

478 634 512 685 et
523 622 625 686 voluit
636 622 711 687 inde
720 644 833 707 cepere
847 632 977 687 eentum
993 622 1162 707 quarteriis,
1176 620 1345 707 quodlibet
1354 618 1553 707 quarterium
1567 640 1636 707 pm

478 724 705 789 libeadenariis
717 726 825 789 minus
837 746 933 809 quam
943 724 1110 793 renrlitum
1121 726 1227 802 luerit,
1238 724 1368 809 quando
1377 722 1553 789 reuiretsd
1563 734 1634 787 ter·

477 848 556 890 ram.
597 828 648 890 Ad
660 826 747 912 quod
756 827 862 891 dietus
872 826 1138 891 constabularius
1153 824 1331 911 respondit,
1341 828 1364 861 ‘⁸
1374 824 1462 909 quod
1471 824 1535 889 boe
1544 822 1633 889 bene

477 930 583 1013 potuit
593 930 696 993 lacere
706 929 746 992 ad
757 950 840 1013 opus
852 928 984 992 Domini
1001 928 1098 1013 Regis
1108 928 1140 1005 ;’'
1150 928 1192 991 sd
1204 928 1266 993 hoe
1276 928 1363 993 eires
1374 927 1528 992 dixerunt
1537 924 1632 1013 quod

477 1032 726 1095 sttnchiamenta
741 1032 774 1096 in
785 1032 950 1095 ‘iliamisia
962 1032 1125 1116 pertinent
1140 1030 1346 1095 solummodo
1355 1029 1396 1095 ad
1408 1028 1632 1095 vicecomites

258 1160 289 1185 a
313 1158 326 1215 Ιι
358 1144 439 1189 ιιιιιίιῑν
479 1134 731 1210 Londoniarum,
754 1136 933 1219 quiesque
955 1134 1119 1198 'l'ltsmltle
1153 1143 1223 1197 lotz
1254 1132 1396 1217 pertinet
1420 1130 1461 1197 (le
1485 1130 1558 1197 lito
1582 1130 1630 1197 td

257 1226 281 1311 ,ζ
300 1224 435 1315 ,';J'‡‚',.2‚„
476 1236 578 1299 risum
594 1236 634 1299 ud
652 1237 826 1299 Civitatem
842 1236 999 1319 usquead
1017 1236 1117 1299 Neue
1135 1234 1244 1311 Were,
1268 1234 1353 1298 sieut
1370 1232 1491 1319 pluries
1512 1244 1630 1297 ostea-

286 1350 348 1443 :1¹
378 1338 455 1383 lm·
475 1360 547 1401 sum
563 1350 613 1401 est
628 1360 735 1402 coram
751 1339 941 1402 Justitiariis
967 1337 1193 1403 itinerantibus
1213 1336 1300 1422 apud
1321 1336 1463 1413 Turrim,
1485 1346 1520 1401 et
1538 1334 1631 1401 sieut

473 1451 678 1524 compactum
708 1440 769 1503 luit
797 1440 883 1525 apud
909 1440 1194 1515 Bermundeslseie‚
1219 1460 1277 1523 per
1301 1438 1473 1503 duodecim
1502 1436 1629 1503 milites

469 1544 595 1625 juratos
621 1544 661 1607 de
687 1542 820 1627 Sureye,
845 1564 953 1606 eorum
977 1542 1111 1605 domino
1137 1540 1277 1625 Hugone
1303 1540 1411 1625 Bigot,
1438 1538 1629 1605 Justitisrio

472 1645 587 1727 Anglie
603 1655 681 1709 tunc
696 1646 868 1710 itinerante
884 1645 1015 1709 ibidem.

511 1749 633 1812 llieunt
643 1749 740 1813 etiam
750 1749 836 1833 quod
848 1749 1010 1813 Dominus
1022 1748 1090 1810 lter
1104 1744 1224 1809 nullam
1235 1743 1355 1831 pn'sam
1367 1744 1502 1829 eapitde
1511 1742 1628 1827 bledo,

471 1863 643 1935 antequam
667 1853 757 1915 nasis
773 1852 816 1915 sit
830 1852 870 1915 ad
887 1864 1028 1935 portum,
1043 1862 1076 1914 et
1091 1859 1170 1913 tunc
1192 1848 1325 1913 babebit
1339 1848 1409 1935 ipse
1423 1848 1625 1933 quarterium

471 1954 623 2017 lrurnenti
639 1976 698 2038 pro
713 1954 781 2018 iile·
795 1954 934 2018 denariis
950 1954 1057 2017 minus
1073 1975 1169 2037 quam
1184 1952 1354 2017 venditum
1373 1952 1490 2031 luerit;
1507 1964 1543 2017 et
1557 1952 1625 2021 boe

472 2056 676 2118 solummodo
690 2056 730 2117 ad
743 2056 1012 2119 sustentationem
1028 2056 1145 2118 domus
1160 2076 1229 2119 sue.
1273 2054 1318 2117 Et
1332 2054 1420 2139 quod
1435 2052 1626 2119 Constaba-

471 2155 567 2218 larius
580 2156 753 2239 velaliquis
764 2154 922 2219 aliusnon
935 2154 1031 2219 habet
1047 2156 1167 2239 prisam
1179 2154 1219 2217 de
1235 2153 1351 2231 blsd03
1366 2154 1423 2219 sed
1438 2154 1467 2219 si
1481 2154 1627 2221 voluerit

468 2258 588 2341 aliquid
604 2280 720 2333 emere,
735 2270 822 2323 emat
839 2259 871 2321 in
888 2268 1030 2322 mercato
1046 2257 1209 2333 Civitatis,
1224 2258 1309 2321 sicut
1331 2257 1430 2335 eires,
1447 2268 1481 2321 et
1504 2256 1547 2321 sd
1561 2278 1625 2323 ru·

470 2362 627 2424 luntstem
652 2361 850 2437 uenditoris3
876 2372 908 2425 et
931 2372 1047 2446 petunt
1075 2361 1255 2425 Dominum
1280 2360 1414 2445 Regem,
1436 2360 1524 2445 quod
1549 2360 1625 2447 ipse

468 2463 543 2525 uelit
558 2462 720 2527 libertates
732 2486 844 2526 eorum
857 2485 1057 2539 conservare,
1072 2475 1105 2527 et
1121 2484 1249 2547 semper
1259 2462 1517 2547 calumpniantes
1530 2460 1624 2549 quod

470 2566 585 2628 nolum
611 2588 670 2629 nec
694 2566 813 2629 delent
838 2568 913 2630 illuc
933 2566 1091 2651 judieium
1118 2565 1226 2629 subire
1244 2565 1295 2629 rel
1321 2566 1472 2651 recipere.
1513 2566 1625 2647 tuse,

470 2667 580 2730 habito
592 2668 752 2751 colloquio
764 2670 848 2733 inter
858 2670 879 2733 J
884 2669 1059 2733 ustitiarios
1070 2683 1102 2732 et
1117 2668 1250 2732 aliosde
1265 2666 1400 2733 consilio
1417 2668 1526 2753 Regis,
1536 2668 1623 2735 dixit

469 2770 621 2833 ‹lorninus
644 2772 826 2833 ll'illelmus
849 2773 889 2835 de
914 2772 1038 2835 wilton
1064 2770 1210 2847 Civibus,
1235 2770 1432 2835 “Dominus
1455 2772 1525 2835 Rex
1547 2772 1623 2839 vult

469 2874 555 2957 (prod
573 2873 736 2936 libertates
752 2886 857 2937 vestre
877 2885 1119 2950 conserventur,
1134 2887 1166 2938 et
1182 2897 1242 2938 nos
1262 2873 1419 2939 debemus
1433 2874 1515 2939 selle
1529 2874 1620 2961 quod

465 2976 539 3057 juro
554 2998 611 3036 suu
627 2997 692 3036 mm
709 2988 859 3059 pereunt3
882 2989 914 3040 et
930 2976 1004 3059 quio
1019 2976 1216 3057 ignoramus,
1230 2997 1293 3059 que
1306 2976 1379 3060 jurs
1397 2976 1561 3060 pertinent
1575 2978 1620 3043 ed

467 3078 607 3153 'l'urrini‚
638 3100 697 3139 nos
737 3079 887 3141 volumus
928 3079 1089 3162 inquirere
1129 3079 1162 3141 in
1194 3090 1260 3141 tres
1300 3078 1498 3164 septimense
1541 3092 1622 3165 post

472 3180 624 3241 l’nselimu
652 3201 709 3263 per
734 3180 825 3253 ulios,
851 3182 905 3263 qui
927 3182 1057 3243 luerunt
1083 3179 1202 3243 ibidem
1224 3178 1463 3255 constabularii,
1488 3180 1620 3265 qualem

468 3282 618 3343 seisinum
638 3280 799 3344 Dominus
815 3282 881 3344 ilex
898 3280 941 3345 ibi
959 3281 1127 3357 liobuerit3
1142 3281 1198 3345 sed
1215 3282 1339 3345 Cintss
1354 3280 1484 3345 interim
1499 3282 1619 3351 hebeat

468 3386 628 3467 sepsinam
641 3406 732 3447 suurn
743 3384 866 3457 inteere
881 3398 914 3447 et
930 3384 1072 3469 poe-ilice,
1085 3384 1183 3458 salva,
1193 3396 1314 3461 tamen,
1329 3383 1513 3469 calumpnia
1527 3384 1620 3453 Con-

467 3486 642 3559 stnbulurii,
658 3510 754 3571 quam
775 3488 815 3549 ad
838 3488 961 3551 dictum
980 3488 1065 3551 diem
1085 3498 1264 3551 monstrare
1280 3485 1511 3553 rationabiliter
1524 3504 1620 3573 pote·

466 3591 540 3651 rit.''
562 3590 655 3653 'Perire
667 3590 833 3674 provisum
846 3592 939 3655 luerit
953 3613 1010 3675 per
1019 3590 1117 3655 Cives
1126 3603 1158 3655 et
1169 3592 1349 3673 injunctum
1363 3589 1619 3657 l'ieeeomitibus

467 3716 505 3755 ne
521 3692 565 3754 illi
582 3694 804 3777 permitterent
818 3694 1101 3758 Constabularium
1114 3693 1242 3778 aliquod
1257 3694 1498 3758 attachismenti
1513 3694 1619 3761 lsoere

465 3795 496 3855 iu
512 3796 687 3871 'l'liatnisia,
698 3808 731 3859 et
748 3798 773 3857 si
791 3818 921 3859 necesse
938 3798 1031 3867 toret.
1046 3798 1132 3880 quod
1149 3796 1209 3880 ipsi
1226 3796 1292 3859 rim
1308 3796 1339 3859 vi
1356 3794 1556 3881 repellerent.

510 3895 582 3957 lloe
594 3918 691 3961 atino.
706 3898 833 3967 iterum.
845 3896 972 3981 prebuit
992 3899 1154 3962 llominus
1172 3898 1239 3961 lter
1256 3917 1425 3961 assensum
1437 3896 1478 3961 sd
1493 3908 1618 3965 statuis

463 3998 503 4061 de
514 3998 646 4061 Osismis
656 4000 806 4077 tenenda,
815 4012 848 4064 et
862 4002 947 4063 misit
959 4000 1070 4065 brevis
1085 4024 1154 4077 sus,
1171 4002 1203 4065 in
1220 4000 1340 4084 quibus
1355 4012 1478 4065 sutura
1493 4002 1620 4089 scripte
