3540 4830
465 532 721 579 vrcacoarrrosr
748 531 1036 578 uonnornaauu.
1256 519 1316 577 125

213 685 464 751 Memorandum
476 687 564 771 quod
578 686 612 749 in
624 685 824 770 parlamento
835 685 924 770 quod
935 685 996 750 luit
1007 684 1094 769 apud
1105 684 1319 763 Wintoniam,

168 791 230 854 hoc
244 812 341 867 anno,
357 810 467 853 mense
482 789 504 853 J
507 789 574 867 ulii,
588 810 647 873 per
661 810 829 852 assensum
844 789 1071 873 episcoporum
1085 798 1119 852 et
1133 797 1319 873 magnatum

170 893 259 977 regni
274 893 390 976 Anglie
405 891 526 955 ibidem
552 891 773 968 existentium,
788 890 952 955 commisit
976 890 1049 953 Rex
1072 910 1200 953 crucem
1216 912 1320 969 suam,

170 1017 267 1078 quam
282 1004 476 1079 portaverat,
492 992 635 1056 Domino
652 991 824 1071 Edwardo,
846 991 912 1057 filio
929 1015 999 1070 auo,
1014 1004 1052 1057 ut
1067 993 1245 1078 proficeret,
1261 1013 1321 1078 pro

170 1120 205 1161 se
220 1108 254 1161 et
268 1119 327 1182 pro
343 1108 445 1182 patre,
470 1097 504 1160 in
519 1096 651 1159 Terram
668 1094 831 1159 Sanctam.
875 1096 921 1159 Et
936 1106 1015 1161 tunc
1030 1097 1190 1162 concessit
1206 1097 1277 1160 Rex
1291 1097 1323 1161 ei

171 1223 285 1265 omnes
300 1200 449 1264 denarios
464 1198 692 1285 provenientes
711 1197 751 1262 de
766 1197 920 1263 vicesimo
946 1198 1078 1264 denario
1105 1200 1239 1265 collecto
1262 1221 1321 1285 per

170 1313 273 1365 totam
291 1300 447 1385 Angleam
472 1300 512 1364 de
535 1299 687 1363 omnibus
707 1298 816 1363 liberis
840 1299 1028 1364 hominibus
1054 1300 1201 1385 ejusdem
1220 1302 1322 1387 regni,

170 1405 255 1468 unde
270 1404 392 1467 mentio
407 1403 554 1488 superius
569 1402 653 1465 facta
667 1412 717 1466 est
731 1401 765 1464 in
784 1401 847 1467 hoc
868 1402 962 1467 libro.
1016 1404 1062 1467 Et
1076 1414 1155 1469 tunc
1170 1405 1241 1489 ipse
1253 1406 1322 1470 Do-

172 1508 279 1570 minus
296 1506 475 1570 Edwardus
491 1506 655 1590 profectus
677 1513 728 1568 est
746 1504 787 1567 ad
815 1504 1016 1583 Portesmue,
1039 1515 1076 1568 ut
1101 1507 1323 1572 transfretaret

170 1610 226 1688 ibi,
235 1611 348 1674 volens
361 1610 496 1674 transire
512 1630 570 1692 per
581 1607 776 1671 Vasconiam
787 1618 821 1672 et
831 1609 1057 1693 Hispanniam,
1067 1607 1236 1671 locuturus
1246 1630 1321 1673 cum

172 1714 258 1796 Rege
270 1712 463 1796 Hispannie‚
473 1712 569 1774 fratre
583 1710 692 1773 uxoris
708 1732 784 1789 sue;
797 1722 848 1774 set
859 1710 1028 1773 deficiente
1039 1721 1137 1773 vento
1147 1721 1322 1794 oportuno,

169 1815 235 1878 lere
251 1836 308 1898 per
323 1813 507 1898 quindecim
532 1812 612 1889 dies,
635 1811 768 1876 recessit
791 1812 867 1875 inde
892 1833 994 1895 usque
1019 1811 1206 1889 Deveriam,
1226 1822 1261 1876 et
1276 1811 1322 1876 ibi

169 1915 282 2001 posuit
293 1936 327 1978 se
343 1936 417 1979 cum
432 1935 533 1977 uxore
548 1923 655 1977 suaet
669 1913 759 1976 omni
774 1913 927 1978 comitiva
938 1935 997 1975 sua
1008 1913 1042 1976 in
1066 1934 1164 1991 mare,
1181 1922 1247 1978 11⁰.
1268 1914 1320 1979 die

170 2018 321 2102 Augusti,
336 2027 370 2081 et
384 2039 480 2101 quarn
496 2016 561 2080 cito
577 2018 661 2079 ultra
676 2035 764 2079 mare
778 2014 945 2099 applicuit,
961 2016 1084 2080 omisso
1099 2017 1245 2100 predicto
1268 2017 1322 2081 iti·

171 2143 247 2184 nere
259 2121 299 2183 de
322 2117 497 2183 Wasconia
511 2129 545 2181 et
562 2116 757 2202 Hispannia,
780 2138 855 2180 cum
874 2117 1081 2183 festinatione
1103 2129 1192 2183 recto
1208 2118 1322 2185 itinere

170 2225 334 2308 proiectus
349 2232 401 2287 est
415 2242 528 2285 versus
544 2231 652 2305 partes
667 2218 748 2298 illas,
763 2217 821 2282 ubi
843 2220 964 2304 Regem
981 2220 1115 2285 Francia
1139 2231 1253 2305 posset
1274 2222 1324 2286 in·

173 2327 292 2390 venire.

215 2425 468 2490 hlcmorandum
497 2425 585 2508 quod
614 2425 676 2489 hoc
704 2445 791 2487 anno
821 2422 905 2487 circa
930 2423 1053 2488 Pascha
1076 2424 1225 2509 proximo
1251 2448 1325 2511 pre-

171 2530 302 2594 teritum
323 2529 489 2613 provisum
511 2528 573 2592 suit
598 2550 657 2612 per
679 2547 853 2590 commune
876 2526 1048 2590 consilium
1074 2527 1207 2591 Domini
1226 2528 1325 2614 Regis

172 2633 258 2716 quod
277 2631 376 2715 panni
402 2629 571 2693 venientes
596 2630 629 2692 in
645 2628 796 2713 Angliam
811 2651 830 2692 a
846 2628 993 2713 partibus
1008 2629 1232 2693 transmarinis
1247 2653 1325 2695 con-

172 2736 296 2798 tineant
321 2734 355 2797 in
381 2732 582 2817 longitudine
606 2732 646 2795 ad
667 2733 776 2796 minua
792 2732 867 2816 xxvj
883 2731 978 2795 ulnas
991 2741 1026 2795 et
1039 2732 1073 2795 in
1088 2732 1260 2797 latitudine
1276 2735 1327 2798 ul·

172 2860 257 2900 narn*
273 2847 306 2900 et
330 2836 509 2913 dimidiam,
524 2835 586 2899 sub
601 2835 804 2900 forisfactura
820 2835 921 2899 totius
938 2832 1050 2918 panni.
1093 2834 1140 2897 Et
1159 2847 1238 2899 tunc
1255 2858 1324 2921 pre·

171 2951 302 3024 ceptum
330 2936 575 3017 mercatoribus,
590 2961 630 3002 ne
657 2949 733 3023 post
748 2938 911 3001 nundinas
926 2935 1038 3000 Sancti
1050 2937 1174 3001 Botulfi
1189 2959 1327 3023 sequen·

171 3043 213 3106 tis
236 3042 365 3126 aliquod
395 3064 539 3125 pannum
569 3043 767 3106 adducerent
795 3041 830 3104 in
853 3040 1003 3125 Angliam
1029 3063 1126 3125 super
1148 3043 1326 3126 predictam

171 3145 416 3219 forisfacturam,
432 3144 494 3206 nisi
518 3155 629 3207 essent
654 3144 694 3207 de
710 3144 855 3229 predicta
881 3142 1083 3228 longitudine
1095 3154 1129 3208 et
1142 3144 1327 3224 latitudine,

172 3245 316 3328 exceptis
331 3243 463 3307 burellis
474 3245 507 3306 N
509 3245 686 3308 ormannie.

213 3347 265 3409 nd
280 3347 400 3410 festum
416 3346 527 3408 Sancti
549 3346 733 3424 Michaelis,
757 3368 844 3410 anno
861 3346 998 3411 Domini
1014 3347 1076 3412 M‘.
1092 3347 1173 3414 CC‘.
1195 3358 1326 3434 septua-

174 3450 311 3535 gesimo,
326 3447 400 3510 lacti
417 3458 495 3511 sunt
509 3448 736 3512 vicecomites.

259 3549 436 3634 Gregorius
451 3548 491 3613 de
509 3550 658 3614 Rokesle.

259 3653 421 3718 Henricus
437 3652 622 3717 Wallensis.

215 3758 274 3821 lati
283 3756 499 3819 Vicecomites
512 3755 622 3819 statim
638 3766 713 3840 post
728 3756 848 3820 festum
865 3756 976 3821 Sancti
992 3757 1164 3825 Michaelis
1178 3761 1324 3826 lecerunt

167 3883 268 3925 unum
293 3881 415 3923 novum
445 3857 621 3943 pillorium,
636 3868 671 3922 et
696 3870 870 3924 erexerunt
897 3859 976 3923 illud
1001 3861 1036 3924 in
1059 3862 1132 3928 loco
1157 3862 1211 3927 ubi
1227 3875 1323 3929 vetus

170 3964 332 4049 pillorium
361 3972 457 4025 antea
485 3971 629 4040 steterat,
644 3962 685 4026 de
710 3984 774 4045 quo
805 3963 928 4027 mentio
956 3964 1041 4028 lacta
1063 3968 1163 4031 estin
1179 3968 1324 4034 secundo

172 4069 249 4133 folio
265 4064 461 4151 precedenti.

1335 3552 1368 3600 Ia
1372 3554 1423 3613 fiae
1429 3555 1493 3603 aasa‘

1337 3620 1404 3681 mysi
1414 3621 1474 3685 repis
1484 3621 1545 3686 niu).

215 4172 355 4247 lPostea,
371 4178 446 4252 post
470 4168 589 4233 festum
614 4168 849 4235 Translationis
864 4169 976 4236 Sancti
1000 4170 1151 4237 Edwardi
1166 4177 1366 4242 veneruntsv·
1380 4174 1423 4222 121
1436 4181 1468 4220 ¹⁰·
