3540 4830
449 520 707 568 vrcaoonrruu
734 522 1019 569 sonnosrsnors.
1269 503 1311 578 67

157 676 250 758 cujus
263 674 423 739 territorio
440 674 636 738 domicilium
646 674 745 738 babet
755 675 807 738 rel
818 674 1022 739 beneficium.
1046 672 1182 740 Quodsi
1197 673 1312 759 aliquis

160 789 273 841 contre
282 778 379 860 hujus
389 778 625 841 malefactorem
636 777 1115 861 experirivoluerit,Episcopus
1124 775 1312 860 loci,inquo

157 876 1312 964 deliquit,citareipsumEpiscopum,incujusdiocesibeneficiumhabet

158 983 208 1047 vel
225 983 434 1059 domicilium,
450 980 504 1065 qui
520 979 553 1042 in
569 980 631 1044 hoe
646 1003 722 1044 casu
738 1003 799 1044 suo
813 981 882 1065 pari
897 983 999 1045 iacere
1014 1000 1146 1044 necesse
1159 978 1268 1045 habet.

203 1085 255 1147 Ad
271 1095 419 1169 quartum
436 1103 648 1167 responsum3
671 1082 758 1167 quod
785 1083 917 1146 clericos
941 1082 1142 1166 captivantes
1167 1081 1208 1145 ab
1238 1082 1312 1167 ipso

158 1206 281 1250 canone
308 1196 385 1248 sunt
410 1184 690 1262 excommunicati,
712 1195 746 1248 et
761 1185 979 1248 satisfactione
995 1184 1105 1248 habita
1120 1185 1161 1249 de
1174 1184 1310 1270 injuriis,

160 1287 309 1373 dampnis
322 1299 355 1352 et
366 1288 516 1373 expensis
531 1287 571 1349 ad
588 1286 697 1349 sedem
712 1286 920 1371 apostolicam
933 1308 993 1370 pro
1003 1285 1211 1351 absolutione
1225 1288 1311 1373 opti-

159 1390 267 1453 nenda
292 1401 369 1453 sunt
394 1388 645 1466 transmittendi,
662 1399 696 1452 et
711 1389 737 1451 si
753 1410 812 1473 pro
828 1388 1050 1473 redemptione
1065 1389 1186 1472 aliquid
1201 1400 1310 1454 extor-

160 1492 272 1570 serint,
284 1492 361 1555 illud
374 1493 406 1554 in
418 1491 569 1575 simplum
582 1491 632 1553 vel
645 1489 780 1574 duplum
790 1489 841 1552 vel
853 1489 942 1568 alias,
954 1489 1132 1553 secundum
1142 1489 1310 1556 arbitrium

160 1593 328 1679 Episcopi,
343 1593 541 1657 restituatur.
586 1592 630 1656 Et
656 1592 688 1654 in
715 1592 778 1656 hoc
801 1591 935 1655 articulo
961 1591 1092 1676 procedi
1118 1602 1228 1675 potest
1252 1615 1311 1679 per

161 1696 295 1759 modurn
310 1695 458 1772 actionis,
479 1694 506 1756 si
527 1695 570 1757 sit
584 1694 638 1779 qui
654 1714 746 1778 egere
761 1693 841 1758 velit
854 1714 913 1777 per
927 1693 1061 1758 modurn
1077 1694 1308 1777 inquisitionis,

160 1798 186 1860 si
197 1797 254 1860 lcsi
260 1819 318 1881 per
327 1807 449 1860 metum
455 1796 506 1859 vel
518 1796 696 1860 socordiam
702 1795 752 1859 vel
762 1793 1028 1860 collusionemvel
1038 1794 1100 1857 alio
1110 1794 1208 1858 modo
1217 1817 1309 1880 agere

161 1909 410 1984 proposuerunt.
426 1897 501 1964 Que
511 1897 670 1961 ordinatio
679 1907 757 1961 tunc
766 1897 994 1981 temporisnon
1002 1896 1091 1960 venit
1100 1896 1309 1963 adeffeetum.

202 2002 295 2064 Tunc
323 2000 490 2086 temporis,
514 2001 588 2085 quia
614 2020 759 2063 rumores
779 2009 939 2062 venerunt
962 1998 1049 2082 quod
1075 2020 1134 2082 per
1158 2020 1310 2083 procura·

160 2104 283 2166 tionem
307 2103 440 2186 Regiae,
468 2103 554 2166 Petri
571 2102 610 2166 de
627 2101 775 2178 Sauveie,
789 2099 951 2163 Johannis
976 2099 1115 2164 Comitis
1135 2100 1310 2179 Warenne,

163 2203 313 2287 Hugonis
337 2203 444 2286 Bigot,
462 2202 617 2266 Willelmi
645 2202 685 2265 de
709 2200 883 2278 Valenciis,
905 2200 1068 2263 Johannis
1092 2201 1256 2264 Maunsell
1277 2211 1312 2265 et

161 2306 307 2381 aliorum,
329 2315 408 2368 tunc
430 2305 637 2368 existentium
660 2304 693 2367 in
716 2302 863 2388 partibus
886 2302 1120 2381 transmarinis,
1138 2304 1311 2368 voluerunt

161 2408 337 2491 alienigene
360 2428 433 2470 oum
456 2408 552 2470 armis
575 2407 677 2470 veniri
692 2426 790 2490 super
803 2427 937 2489 regnum
949 2405 1075 2489 Anglie,
1091 2406 1226 2470 missum
1248 2406 1311 2469 fuit

161 2508 415 2572 Viceoomitibus
430 2508 545 2591 Anglie
560 2506 657 2570 breve
673 2506 808 2569 Domini
826 2506 922 2590 Regis
939 2506 1169 2592 subscriptum.

207 2608 367 2672 Henricus
383 2608 446 2672 Dei
461 2608 562 2691 gratia
578 2608 647 2671 Rex
662 2606 788 2691 Anglie,
804 2608 966 2671 Dominus
997 2608 1164 2686 Hibernie,
1179 2619 1213 2673 et
1233 2609 1309 2672 Dux
1323 2629 1408 2677 [ψη
1434 2627 1520 2739 bozon

160 2711 367 2797 Aquitannie,
376 2711 636 2795 Archiepiscopis
646 2711 818 2795 Episcopis
829 2710 1013 2775 Abbatibus
1025 2713 1189 2777 Prioribus
1200 2712 1358 2803 Corui-⁰⁸

161 2816 250 2879 tibus
266 2813 450 2878 Baronibus
465 2813 720 2878 vicecomitibus
744 2814 910 2878 Militibus
935 2814 1045 2879 liberis
1069 2816 1256 2880 hominibus
1279 2774 1358 2880 eto⁸
1324 2838 1365 2868 n
1351 2774 1435 2869 mil
1444 2773 1533 2867 :mli

159 2919 308 2981 universe
330 2916 566 2981 Communitati
589 2915 772 2981 Comitatus
789 2917 936 2996 Essesie,
957 2919 1105 2983 salutern.
1151 2919 1235 2983 Cum
1251 2941 1311 3004 pro
1323 2894 1437 2998 ῘΖΜ
1422 2886 1485 2933 αι’(
1449 2902 1532 2948 “⁸⁸⁹²

160 3033 247 3085 certo
264 3019 357 3085 nobis
382 3020 573 3098 constiterit,
600 3021 686 3104 quod
713 3020 963 3104 alienigenarum
984 3044 1099 3106 magna
1125 3022 1311 3100 multitudo,

160 3124 287 3206 navigio
309 3123 524 3206 undecunque
548 3122 693 3200 collecto,
719 3121 760 3184 ad
786 3144 922 3207 regnum
951 3133 1112 3202 nostrum,
1133 3125 1165 3186 vi
1189 3135 1311 3187 armata

161 3222 302 3287 intrandi
326 3243 361 3285 se
387 3230 546 3306 preparet,
578 3221 619 3284 ad
642 3233 787 3286 nostram
811 3233 845 3286 et
869 3223 1068 3307 singulorum
1094 3224 1185 3307 regni
1207 3224 1310 3308 ipsius

161 3324 382 3389 confusionem
395 3334 428 3387 et
437 3323 718 3387 exheredationem
730 3334 930 3407 perpetuam,
941 3325 1004 3388 nisi
1015 3325 1105 3388 eisin
1120 3347 1219 3389 manu
1233 3327 1310 3390 forti

161 3424 347 3490 duxerimus
363 3422 571 3499 obviandum,
586 3422 678 3485 vobis
694 3422 897 3501 mandamus,
911 3424 945 3486 in
959 3423 1023 3487 fide
1032 3446 1096 3509 qua
1110 3424 1205 3488 nobis
1220 3436 1310 3490 tene-

161 3528 251 3603 mini,
266 3525 401 3588 firmiter
415 3525 639 3609 precipientes,
655 3525 806 3608 quatinus
825 3547 883 3588 vos
900 3525 1018 3590 milites
1033 3548 1146 3590 omnes
1161 3537 1195 3590 et
1209 3527 1308 3593 libere

160 3639 320 3705 tenentes,
336 3627 390 3710 qui
415 3627 456 3689 ad
480 3627 542 3689 hoc
560 3627 736 3703 sufficiunt,
756 3647 830 3690 cum
852 3628 942 3710 equis
963 3638 996 3691 et
1011 3628 1109 3691 armis
1123 3629 1258 3695 viriliter
1275 3641 1309 3695 et

160 3742 310 3820 potenter
325 3752 383 3793 vos
403 3727 580 3813 preparetis
592 3752 601 3804 ;
624 3728 669 3789 ita
684 3728 771 3811 quod
786 3729 827 3792 ad
848 3749 909 3792 nos
934 3728 1005 3792 sitis
1028 3729 1209 3794 Londoniis
1233 3752 1309 3797 eum

161 3847 232 3900 toto
248 3852 344 3916 posse
359 3842 477 3907 vestro,
493 3829 545 3892 die
562 3829 734 3891 Dominica
745 3831 892 3914 proxima
900 3841 975 3914 post
986 3831 1106 3894 festum
1121 3830 1207 3897 boati
1221 3833 1307 3897 Petri

161 3934 352 4011 adsimulo,
371 3933 411 3996 ad
431 3941 574 3995 nostram
591 3941 624 3994 et
639 3941 777 3995 vestram
801 3953 838 3996 ao
852 3931 953 3996 totius
969 3932 1058 4016 regui
1074 3932 1307 4016 defensionem,

161 4051 273 4106 contra
284 4037 477 4121 alienigenas
498 4035 685 4119 hujusmodi
700 4034 869 4099 nobiseum
885 4057 925 4100 ex
941 4036 1016 4101 inde
1027 4039 1219 4121 processuri.
1245 4040 1310 4114 Tu,
