3540 4830
481 475 737 519 vrcscourruu
765 475 1050 519 uosuosrsnou.
1293 464 1335 521 89

187 626 339 713 quiequid
349 626 483 711 predicti
493 626 637 690 Baiones
649 626 866 711 providissent
876 626 916 690 ad
927 628 1134 692 commodum
1144 638 1177 693 et
1186 630 1337 694 emenda·

187 730 309 792 tionem
331 727 431 811 regni,
446 727 500 810 qui
517 740 696 811 posuerunt
709 726 868 791 Maiorem
879 738 913 791 et
922 728 1159 792 Aldermannos
1169 740 1203 793 et
1213 731 1292 793 alios
1302 731 1336 794 in

188 831 339 906 Ciuitate,
355 829 409 913 qui
425 829 469 891 ibi
485 841 713 908 convenerant,
738 832 777 892 ad
803 830 973 907 rationem,
997 830 1024 893 si
1039 830 1212 894 voluerunt
1226 853 1336 895 assen-

187 934 247 998 tire
263 935 302 997 ad
319 955 430 996 eorum
447 932 675 1016 provisionem.
724 932 830 996 lllaior
850 955 939 1011 vero,
952 943 985 996 et
1000 933 1052 996 alii
1066 934 1174 1011 Cives,
1189 936 1244 1019 qui
1269 959 1335 999 non

188 1049 365 1123 potuerunt
380 1037 497 1101 habere
514 1037 675 1100 licentiam
692 1036 779 1120 loqui
795 1036 869 1098 inde
896 1059 970 1099 eum
987 1037 1130 1101 Domino
1147 1039 1245 1122 Rege,
1271 1050 1336 1102 sta·

187 1141 246 1203 tim
263 1140 374 1203 habito
386 1140 469 1202 inter
482 1160 516 1203 se
528 1139 699 1222 colloqui0‚
715 1149 949 1201 consenserunt
962 1140 1002 1201 ad
1015 1140 1101 1202 illam
1117 1141 1336 1225 provisionem

188 1242 433 1318 observandam,
449 1253 482 1304 et
496 1242 558 1304 hoc
570 1242 771 1324 juraverunt,
782 1251 815 1303 et
824 1241 966 1323 predicte
979 1252 1064 1305 carte
1080 1242 1220 1324 sigillum
1237 1242 1336 1306 Com-

187 1366 285 1407 mune
302 1344 451 1407 Civitatis
467 1354 658 1427 posuerunt,
670 1342 766 1404 salvis
782 1353 891 1404 tamen
907 1342 953 1404 eis
966 1343 1117 1405 omnibus
1133 1344 1334 1408 libertatibus

186 1460 220 1511 et
235 1447 524 1511 consuetudinibus
536 1446 619 1508 suis.
662 1446 778 1508 Postea
787 1444 922 1528 predicti
935 1445 1079 1509 Baiones
1095 1446 1279 1510 habuerunt
1294 1448 1334 1510 de

188 1552 239 1614 die
254 1552 288 1613 in
304 1551 388 1613 diem
404 1550 610 1634 colloquium,
626 1547 818 1631 quandoque
833 1548 873 1610 ud
890 1547 1022 1611 Novum
1037 1549 1220 1632 Templum,
1235 1572 1335 1635 quan·

188 1653 293 1736 doque
312 1652 398 1729 alibi,
419 1674 516 1735 super
541 1649 653 1712 usibus
674 1660 707 1712 et
736 1649 1023 1713 consuetudinibus
1048 1651 1137 1733 regni
1164 1651 1197 1713 in
1220 1636 1358 1714 melius¹

188 1754 437 1819 conformandis.
492 1755 571 1817 Post
606 1753 676 1829 liec,
712 1752 808 1816 Nune
848 1753 997 1836 Augusti,
1037 1753 1178 1816 edictum
1209 1754 1272 1818 luit
1301 1755 1335 1818 in

188 1858 340 1933 civitate,
362 1879 402 1920 ne
425 1856 539 1939 aliquis
555 1856 594 1918 de
610 1855 729 1917 familia
746 1855 842 1937 Regis
859 1877 918 1917 nec
940 1855 1021 1917 alius
1037 1856 1168 1939 aliquod
1183 1867 1336 1940 caperent

187 1961 221 2023 iu
246 1961 396 2038 civitate,
422 1960 484 2021 nisi
509 1980 567 2043 pro
595 1958 760 2022 voluntate
785 1957 1001 2034 venditorum,
1024 1958 1233 2022 salvatamen
1249 1970 1335 2024 recta

187 2062 274 2145 prisa
286 2061 420 2125 Domini
434 2061 530 2144 Regis
546 2062 587 2124 de
602 2061 690 2137 vino,
703 2061 835 2138 scilieet,
851 2061 891 2123 de
908 2082 999 2136 nave,
1015 2083 1078 2145 que
1094 2060 1191 2124 debet
1205 2062 1334 2146 plenam

187 2164 466 2239 consuetudinem,
482 2164 547 2226 duo
571 2163 663 2226 dolea
678 2163 745 2226 vini
763 2185 823 2247 pro
838 2164 881 2226 xl.
898 2163 1020 2227 solidis.
1066 2165 1153 2227 Etsi
1170 2165 1241 2248 quis
1257 2187 1336 2229 eon-

187 2277 237 2328 tra
249 2267 310 2329 hoe
325 2266 433 2329 venire
443 2275 654 2349 presumeret,
669 2277 702 2328 et
716 2265 791 2328 inde
807 2266 890 2328 foret
905 2265 1084 2342 convictus,
1100 2266 1209 2329 statim
1225 2265 1335 2350 impri-

188 2380 366 2430 sonaretur.
384 2368 463 2430 Post
471 2367 550 2429 illud
562 2389 638 2430 vero
654 2379 783 2450 tempus
793 2366 892 2429 nichil
904 2379 1060 2451 ceperunt
1072 2367 1216 2430 Ministri
1228 2367 1336 2451 Regis,

187 2492 247 2533 nee
262 2471 376 2552 aliquis
388 2470 428 2532 de
443 2470 522 2547 suis,
540 2470 602 2531 nisi
618 2469 698 2532 illud
715 2469 750 2532 in
765 2468 853 2531 brevi
869 2470 1031 2533 solverent
1045 2471 1221 2548 venditori3
1237 2470 1335 2557 quod,

188 2573 329 2655 quidem,
344 2594 443 2656 parvo
458 2584 604 2656 tempore
620 2573 758 2635 duravit.

273 2674 441 2738 Johannes
458 2674 612 2753 Addrien,
628 2675 813 2758 Draparius
1351 2670 1556 2748 002101'1'r'ifffiss

274 2778 358 2840 Item
377 2776 537 2839 Robcrtus
553 2778 592 2840 de
609 2776 811 2840 Corenhelle.
1346 2752 1493 2866 {paff-
1521 2753 1555 2785 ’ᾗ

231 2881 305 2944 Hoc
320 2903 406 2943 anno
421 2879 543 2942 electus
560 2879 667 2942 Maior
681 2879 849 2943 Johannes
877 2881 916 2942 de
934 2879 1095 2957 Gizoreio‚
1122 2890 1158 2944 et
1181 2881 1279 2945 etiam
1299 2881 1334 2946 in

185 2983 331 3047 absentia
347 3007 414 3046 sua.
461 2983 536 3046 lloe
558 3005 643 3044 anno
670 2993 745 3067 post
765 2983 1000 3067 parlamentum
1027 2982 1173 3046 habitum
1196 3007 1254 3068 per
1278 2983 1335 3049 ba·

185 3106 281 3149 rones
297 3086 384 3169 apud
400 3084 726 3148 westmonasterium
742 3085 879 3149 necessit
894 3083 993 3167 Hugo
1010 3083 1118 3167 Bygot
1132 3084 1154 3148 J
1158 3086 1335 3150 ustitiurius

185 3187 226 3251 ad
252 3188 406 3249 Sanctum
434 3186 644 3263 salvatorem,
670 3198 705 3248 et
729 3186 886 3248 associato
913 3207 1023 3248 seeum
1049 3186 1175 3268 Rogero
1198 3187 1238 3250 de
1253 3189 1336 3250 Tur·

185 3288 293 3372 kelby,
309 3289 414 3350 tenuit
428 3287 548 3349 ibidem
568 3287 676 3349 omnia
691 3287 808 3369 placita
822 3308 884 3370 que
897 3287 1062 3369 pertinent
1079 3285 1119 3349 ad
1134 3286 1156 3350 J
1160 3288 1335 3351 ustitiarios

186 3391 374 3453 itinerantes
395 3389 428 3450 in
445 3388 610 3451 Comitatu
638 3386 793 3471 Surayhe,
824 3386 880 3449 ubi
904 3386 1112 3470 quamplures
1135 3385 1271 3451 ballivos
1302 3399 1336 3452 et

187 3493 278 3568 alios,
294 3492 348 3574 qui
364 3490 503 3553 convicti
518 3492 646 3552 fuerant
667 3488 707 3551 de
729 3486 1039 3571 transgressionibus
1062 3487 1155 3550 laetis
1178 3489 1335 3572 subjectis

186 3597 265 3670 suis,
280 3617 346 3657 non
371 3592 576 3655 solummodo
598 3591 792 3664 amercisvit,
809 3591 866 3653 sed
888 3591 965 3653 feeit
986 3590 1174 3654 incarcerari
1190 3601 1257 3654 tam
1272 3592 1336 3656 cle·

187 3697 270 3760 ricos
295 3717 390 3779 quam
415 3693 523 3755 laicos.
568 3692 624 3768 Et,
650 3690 792 3776 quidem,
818 3691 955 3754 redemit
980 3690 1118 3774 aliquem
1140 3713 1199 3776 pro
1221 3693 1336 3777 viginti

186 3798 313 3874 marcis,
337 3808 371 3860 et
396 3796 554 3880 quosdam
579 3816 638 3878 pro
664 3793 707 3856 xl.
733 3804 768 3857 et
789 3792 946 3877 amplius3
979 3803 1013 3856 et
1038 3793 1245 3879 quamplures
1276 3817 1336 3880 pro

186 3923 285 3985 parva
300 3921 396 3963 eausa
411 3898 495 3961 ultra
510 3896 644 3961 modum
658 3896 812 3981 gravavit.

233 4005 272 4067 ln
289 4005 351 4067 hiis
368 4001 493 4088 placitis
508 4001 657 4065 homines
673 4000 713 4064 de
730 3999 859 4065 Severe
870 4008 904 4064 et
915 4000 967 4065 ulii
980 4001 1020 4065 de
1032 4000 1199 4066 Comitatu
1214 4000 1337 4087 Sursya
