3540 4830
482 503 741 549 vicacourruu
768 504 1055 550 uounoxraauu.
1297 489 1337 546 41

186 661 276 717 tores
299 652 462 733 Civitatis,
476 666 639 742 quotquot
652 656 776 723 inventi
791 657 935 735 suerunt,
949 677 1024 721 cum
1039 652 1177 739 panibus
1194 653 1282 732 suis3
1296 653 1342 717 ita

188 757 276 839 quod
299 779 492 842 perpaucos
516 758 614 823 Cives
637 770 844 840 convocatos,
867 783 977 825 coram
999 758 1080 843 ipsis
1094 758 1226 821 fuerunt
1240 778 1341 841 panes

189 855 334 939 ipsorum
360 856 545 939 adjudicati,
567 868 602 921 et
622 857 668 920 illi
692 879 828 942 quorum
855 881 955 944 panes
985 882 1051 925 non
1081 858 1342 944 ponderaverunt

189 959 367 1022 secundum
387 980 537 1043 aasayum
554 956 704 1022 Civitatis
720 982 784 1022 non
805 961 938 1026 fuerunt
954 963 1051 1046 positi
1067 963 1099 1026 in
1116 962 1242 1048 pillorio
1258 963 1342 1026 sicut

189 1069 285 1123 antea
310 1058 468 1137 solebant,
498 1060 555 1123 aed
582 1081 641 1143 pro
665 1061 831 1126 voluntate
861 1064 1079 1147 predictorum
1103 1064 1278 1128 Justitiarii
1307 1074 1342 1127 et

191 1159 342 1238 Comitis,
371 1174 483 1226 contra
512 1162 675 1247 antiquam
706 1166 973 1231 consuetudinem
999 1166 1148 1232 Civitatis
1178 1176 1212 1231 et
1239 1166 1341 1229 totius

190 1263 291 1346 regni,
306 1263 437 1327 exaltati
452 1264 585 1328 luerunt
599 1264 634 1328 in
649 1264 851 1330 tumberella.

235 1365 310 1430 Hoc
324 1388 410 1429 anno
425 1366 458 1429 in
482 1365 618 1430 Octabia
646 1366 886 1446 Innocentium,
910 1391 984 1433 cum
1011 1370 1147 1433 clamata
1165 1371 1227 1433 fuit
1241 1370 1343 1434 assisa

192 1466 323 1532 devino
348 1478 382 1531 et
407 1468 541 1531 cervisia
566 1468 600 1531 in
626 1467 778 1548 Ciuitate,
799 1471 1014 1553 proclamator
1029 1471 1179 1535 Civitatis
1194 1472 1343 1535 clamavit

190 1568 278 1634 illum
293 1570 428 1634 assisam
451 1580 518 1633 tam
534 1581 625 1634 extra
650 1582 776 1655 portam
800 1572 959 1655 petrinam
979 1573 1074 1636 sitam
1090 1595 1188 1657 super
1206 1575 1342 1638 Pontem

193 1672 436 1736 Londoniarum
452 1693 549 1754 quam
565 1671 640 1734 alibi
656 1672 690 1736 in
707 1673 862 1737 suburbio
875 1673 1035 1739 Civitatis.

238 1774 312 1838 Hoc
334 1795 420 1837 anno
436 1774 599 1837 Dominus
617 1775 784 1853 Ricardus,
799 1776 868 1839 Rex
879 1775 1080 1853 alemannie,
1095 1776 1192 1839 irater
1207 1777 1341 1841 Domini

194 1875 292 1959 Regis
302 1897 376 1938 cum
394 1875 516 1959 Regina
530 1897 589 1939 sua
603 1886 637 1941 et
649 1875 757 1940 liberis
773 1877 841 1940 suis
863 1878 997 1942 veniens
1009 1899 1067 1961 ρετ
1087 1877 1225 1941 mediam
1243 1878 1343 1941 Fran·

193 1978 278 2041 ciam
289 1977 509 2040 transfretavit
517 1988 552 2041 et
561 1978 718 2062 applicuit
732 1980 818 2063 apud
831 1980 1017 2058 Doueriam,
1032 1989 1065 2044 et
1076 1980 1109 2044 in
1119 1979 1236 2063 Vigilia
1253 1980 1342 2044 Puri·

194 2078 353 2144 ficationis
364 2079 458 2144 beate
470 2079 574 2144 Marie
589 2080 680 2144 venit
691 2080 883 2156 londoniis,
893 2081 1034 2146 Ciuitate
1045 2080 1168 2166 optime
1182 2092 1344 2147 attonrata

193 2193 227 2247 et
241 2183 410 2247 curtinata.

240 2286 315 2350 Hoc
329 2306 415 2349 anno
430 2284 482 2350 die
496 2285 590 2350 Lune
601 2297 676 2350 ante
685 2287 805 2349 festum
817 2285 928 2349 Sancti
941 2284 1089 2369 Gregorii
1099 2285 1265 2371 provisum
1282 2285 1344 2350 luit

195 2386 229 2451 in
246 2385 408 2452 Gildballe
423 2387 508 2452 inter
518 2388 658 2467 Judicia,
671 2387 801 2473 quando
815 2386 931 2472 aliquis
946 2387 1098 2451 detulerit
1112 2398 1343 2452 testamentum

195 2490 331 2574 alicujus
360 2490 505 2555 defuncti
533 2490 574 2553 sd
605 2490 810 2573 probandum
846 2490 880 2553 in
920 2489 1099 2575 Hustingo,
1119 2490 1195 2555 licet
1229 2491 1344 2575 aliquis

197 2591 453 2675 calumpnaven't
487 2591 609 2677 aliquid
643 2591 727 2676 juris
760 2591 795 2655 in
821 2601 1008 2656 tenemento
1040 2613 1099 2676 ρετ
1130 2592 1209 2655 illud
1245 2602 1345 2657 testa-

197 2702 343 2759 mentum
358 2693 475 2779 legato,
490 2694 710 2759 nonobstante
725 2694 780 2760 ills
791 2694 985 2781 calumpnia,
1008 2694 1118 2759 statim
1133 2695 1279 2781 capiatur
1293 2696 1347 2760 illa

197 2794 357 2881 probatio,
373 2797 463 2860 salvo
483 2806 592 2860 tamen
604 2797 678 2880 jure
693 2795 877 2881 cujuslibet.
915 2796 1001 2860 Nam
1016 2797 1071 2859 illa
1085 2796 1233 2881 probatio
1247 2796 1348 2862 nichil

197 2897 344 2976 ratificat,
359 2897 423 2962 nisi
436 2898 585 2963 ultimam
612 2898 812 2962 voluntatem
838 2897 993 2962 defuncti.
1039 2898 1091 2963 lta
1112 2898 1200 2981 quod
1220 2897 1348 2962 nonob-

197 3009 304 3065 stante
319 3000 589 3086 improbatione,
611 3000 747 3086 quilibet
768 3000 823 3085 qui
842 3001 899 3085 jus
924 3000 1024 3066 habet
1039 3001 1072 3065 in
1088 3010 1275 3066 tenemento
1290 3021 1349 3084 ρετ

198 3103 279 3168 illud
319 3114 551 3168 testamentum
586 3103 693 3187 legato
723 3124 783 3188 per
805 3102 904 3169 alium
934 3127 1031 3189 quam
1060 3124 1119 3188 per
1147 3112 1348 3179 testatorem,

197 3207 318 3293 poterit
331 3207 410 3269 illud
425 3217 535 3291 petere
557 3206 734 3291 perbreve
756 3205 920 3285 derecto,
945 3207 996 3271 vel
1019 3226 1078 3290 per
1102 3215 1251 3268 natrrram
1276 3202 1348 3268 bre-

198 3309 249 3372 vis
275 3310 314 3372 de
337 3308 483 3386 introitu,
505 3309 573 3374 sive
588 3330 646 3393 per
660 3318 808 3373 naturam
830 3307 938 3373 brevis
960 3308 1001 3371 de
1016 3316 1121 3371 morte
1135 3306 1348 3369 antecessoria

198 3408 329 3473 alterius
344 3430 440 3492 quam
460 3408 635 3486 testatoris,
654 3408 724 3474 sive
742 3428 801 3493 per
824 3406 1064 3493 queremoniam
1084 3405 1125 3470 ds
1147 3405 1349 3482 intrusione3

200 3520 251 3574 aet
272 3520 381 3573 tamen
407 3509 493 3592 quod
516 3510 733 3594 queremonia,
754 3531 818 3592 que
834 3510 919 3573 fiunt
938 3509 1008 3573 sins
1030 3507 1140 3585 breve,
1161 3506 1242 3571 fiant
1266 3506 1350 3571 infra

200 3610 375 3677 terminum
391 3610 569 3674 secundum
585 3610 836 3676 consuetudines
852 3610 1002 3676 Civitatis
1015 3609 1162 3675 usitatas.

247 3713 322 3776 Hoc
344 3734 429 3776 anno
448 3713 614 3796 provisum
633 3713 697 3777 luit
718 3722 753 3775 et
772 3723 931 3777 statutum
952 3713 1040 3797 quod
1055 3710 1165 3776 omnia
1178 3709 1297 3795 placita
1311 3706 1352 3773 de

203 3815 321 3881 debitis
341 3825 514 3880 teneantur
523 3837 632 3881 coram
641 3813 896 3880 Vioeoomitibus
910 3824 1038 3879 tantum
1054 3813 1094 3877 de
1110 3811 1247 3877 Civibus
1262 3811 1353 3877 lon·

203 3918 386 3984 doniarurn.
440 3917 567 3983 Eodem
593 3939 681 3983 anno
707 3927 783 3983 ante
813 3916 970 3982 Pasobsm
999 3915 1152 3982 inchoata
1179 3914 1242 3979 fuit
1269 3936 1353 3979 nors

246 4041 361 4087 anun.
385 4040 456 4086 soc.
1156 4038 1179 4081 a
