3540 4830
463 485 720 530 vicacourruu
749 486 1034 531 nosnosrsauu.
1267 477 1326 533 139

180 658 253 700 mus
269 637 356 722 quod
373 659 429 722 per
443 646 545 702 totam
561 636 710 703 ballivam
726 649 867 703 vestram
883 638 1073 724 proclamari
1088 639 1224 719 faciatis,
1239 642 1327 725 quod

179 762 292 804 omnes
307 751 341 804 et
352 741 468 825 singuli
485 741 709 820 Flundrenses,
718 752 752 806 et
765 742 992 821 Hanonenscs,
1006 752 1040 806 et
1051 743 1103 807 alii
1116 743 1156 807 de
1166 756 1327 829 potestate

179 843 264 906 dicte
295 842 481 922 Comitisse,
507 844 651 928 exceptis
676 845 829 929 predictis
854 844 1007 930 operariis
1031 855 1065 909 et
1090 845 1160 909 aliis
1182 848 1326 910 uxoratis

177 953 234 1007 aut
248 944 282 1006 in
298 967 396 1029 regno
408 956 520 1010 nostro
535 945 755 1025 manentibus,
766 956 804 1010 ut
818 946 1000 1031 predictum
1016 955 1077 1024 est,
1103 945 1165 1010 sub
1181 948 1324 1032 periculo

177 1045 243 1109 vite
258 1057 292 1111 et
318 1047 548 1128 membrorum,
563 1050 642 1113 citra
657 1048 830 1112 terminum
848 1048 1029 1133 predictum
1050 1059 1167 1113 exeant
1190 1071 1325 1134 regnum

177 1159 337 1228 nostrum,
365 1150 475 1214 vacuis
506 1149 666 1229 manibus,
696 1148 793 1213 salvis
819 1147 882 1213 sibi
907 1151 1096 1215 necessariis
1116 1153 1268 1236 expensis
1281 1151 1323 1215 ad

175 1253 459 1317 transfretandum.
505 1253 550 1318 Et
575 1253 683 1318 nullus
709 1253 799 1338 ipsos
822 1252 875 1316 vel
898 1252 1040 1337 aliquem
1067 1254 1213 1337 ipsorum
1240 1255 1325 1319 ultra

175 1356 299 1419 dictum
333 1357 506 1419 terminum
533 1355 594 1420 sub
632 1356 727 1419 simili
767 1376 851 1439 pena
874 1354 1058 1439 hospitetur
1090 1356 1143 1420 vel
1168 1368 1320 1442 receptet

175 1458 221 1522 Et
245 1459 272 1522 si
296 1481 378 1544 quos
394 1459 434 1523 de
457 1459 610 1544 predictis
636 1457 887 1521 Flandrensibus
912 1459 994 1521 infra
1017 1458 1166 1522 ballivum
1182 1473 1323 1524 vestram

175 1571 251 1646 post
273 1561 448 1625 terminum
474 1561 654 1644 predictum
681 1561 880 1637 inveneritis,
904 1560 1005 1644 ipsos,
1020 1560 1180 1645 simulque
1206 1583 1322 1626 eorun-

173 1665 248 1728 dem
263 1675 456 1749 receptores,
471 1664 603 1747 capiatis
618 1673 653 1727 et
678 1663 712 1726 in
727 1664 858 1746 prisona
878 1672 989 1725 nostra
1015 1663 1105 1726 salvo
1119 1664 1321 1741 custodiatis,

172 1769 276 1832 donec
302 1766 388 1830 aliud
415 1766 490 1829 inde
516 1766 785 1830 mandaverimus.
835 1765 1030 1830 Proclamari
1059 1765 1156 1830 etiam
1186 1767 1321 1843 faciatis,

172 1872 258 1956 quod
274 1892 387 1932 omnes
403 1879 436 1933 et
451 1869 569 1953 singuli
584 1881 777 1933 mercatores
793 1869 882 1954 regni
908 1869 1020 1945 nostri,
1044 1891 1181 1953 quorum
1208 1871 1321 1934 merci·

172 1975 281 2038 monia
306 1984 339 2036 et
358 1972 444 2035 bona
467 1994 525 2056 per
539 1973 716 2057 predictam
741 1972 950 2036 Comitissam
974 1983 1154 2036 arestantur
1170 1973 1220 2036 vel
1241 1995 1319 2037 ven-

170 2079 303 2154 duntur,
319 2085 356 2139 ut
371 2076 550 2160 predictum
562 2087 623 2154 est,
640 2076 770 2140 veniant
781 2097 889 2140 coram
904 2075 998 2139 nobis
1014 2086 1048 2140 et
1062 2076 1197 2140 consilio
1206 2087 1318 2142 nostro

169 2183 203 2245 in
228 2179 390 2266 presentia
416 2180 613 2264 prelatomm
637 2179 905 2263 appreciatorum,
929 2188 963 2243 et
987 2179 1217 2263 inquisitorum
1242 2203 1318 2245 nos·

168 2297 302 2361 trorum,
318 2284 351 2346 in
368 2281 503 2346 Octahis
519 2282 669 2345 instantis
685 2283 758 2346 festi
775 2281 886 2346 Sancti
902 2280 1064 2360 Edwardi,
1088 2283 1192 2367 parati
1207 2294 1318 2348 osten-

166 2389 241 2452 dere
268 2409 325 2471 per
349 2396 584 2450 sacramentum
610 2407 707 2449 suum
727 2395 761 2449 et
785 2395 1000 2449 mercatorum
1027 2406 1171 2462 auomm,
1195 2407 1258 2470 que
1283 2398 1316 2451 et

165 2491 333 2575 cujusdam
349 2488 435 2552 bona
449 2509 508 2550 sua
522 2509 581 2572 per
595 2488 772 2571 predictam
793 2487 1004 2552 Comitissam
1020 2487 1151 2551 vendita
1175 2499 1252 2551 aunt
1263 2490 1315 2553 vel

162 2603 312 2671 arestata,
339 2607 372 2654 et
401 2601 541 2674 quantus
571 2592 689 2668 extitit,
713 2601 746 2655 et
770 2600 877 2655 rectus
900 2591 992 2654 valor
1013 2592 1201 2669 eorundem,
1216 2603 1250 2655 ct
1271 2594 1314 2658 ad

164 2697 379 2780 recipiendam
395 2696 738 2778 recompensationem,
754 2716 816 2779 que
840 2693 901 2759 sibi
923 2695 992 2758 fieri
1008 2696 1138 2780 poterit,
1162 2695 1202 2760 de
1218 2694 1313 2761 bonis

162 2802 229 2864 suis
245 2799 385 2864 venditis
400 2797 451 2860 vel
460 2798 618 2862 arestatis.
657 2798 858 2877 itascilicet,
870 2799 956 2882 quod
975 2798 1003 2862 si
1026 2798 1066 2863 de
1089 2798 1169 2861 falsa
1183 2821 1314 2884 sugges-

161 2905 249 2968 tione
274 2902 324 2965 vel
351 2902 518 2965 exactione
545 2922 643 2986 super
675 2901 737 2966 hoc
772 2901 983 2986 postmodum
1013 2903 1154 2966 convicti
1183 2903 1313 2981 suerint,

160 3007 334 3071 amissione
359 3005 506 3069 omnium
536 3003 697 3068 bonorum
728 3025 861 3067 suorum
898 3003 1073 3068 incurrant.
1140 3004 1186 3068 Et
1222 3005 1310 3089 quod

161 3109 302 3172 universi
318 3118 352 3171 et
366 3108 483 3192 singuli
499 3115 512 3186 l
527 3107 678 3192 religiosi,
693 3106 745 3170 vel
760 3106 816 3191 qui
835 3127 854 3168 o
868 3106 1022 3189 predictis
1045 3106 1354 3188 Flandrensibus,s0.
1369 3127 1416 3175 127
1428 3135 1460 3174 ve.

162 3210 425 3287 Hanunensihus‚
437 3221 494 3272 aut
509 3210 579 3273 aliis
596 3212 635 3274 de
662 3219 822 3294 potestate
840 3208 925 3273 dicte
941 3208 1129 3286 Comitisse,
1144 3231 1231 3272 arras
1247 3233 1306 3293 pro

157 3314 239 3377 lanis
255 3322 289 3375 et
299 3312 369 3375 aliis
381 3313 476 3376 bonis
486 3311 645 3374 habendis
660 3310 850 3396 receperint,
859 3320 893 3374 et
907 3310 962 3394 qui
978 3331 997 3372 o
1011 3310 1091 3393 ipsis
1101 3310 1132 3373 in
1144 3310 1305 3394 aliquibus

155 3417 273 3480 debitis
288 3424 451 3490 tenentur,
466 3425 545 3477 tunc
561 3413 626 3476 sint
638 3412 682 3476 ibi
697 3413 737 3476 ad
749 3411 913 3475 liberanda
929 3408 1023 3474 nobis
1039 3411 1158 3475 ibidem
1175 3434 1262 3478 arras
1272 3424 1305 3479 et

156 3519 339 3582 debitailla.
384 3517 429 3581 Et
450 3515 679 3579 nichilominus
705 3537 763 3578 vos
787 3515 887 3598 ipsos,
913 3534 1052 3598 quorum
1070 3515 1203 3579 nomina
1226 3515 1304 3580 dicti

154 3623 360 3706 inquisitores
377 3620 478 3683 nostri
490 3618 583 3681 vobis
598 3618 679 3681 sciro
694 3617 822 3695 facient,
837 3618 878 3681 ad
893 3616 956 3679 hoc
970 3638 1029 3701 per
1037 3628 1138 3681 terras
1147 3628 1181 3682 ct
1190 3619 1304 3683 catalla

154 3725 259 3788 suain
275 3722 392 3785 balliva
406 3730 513 3784 vestra
533 3719 750 3803 distringatis3
765 3729 798 3782 et
818 3719 857 3782 ad
874 3719 976 3782 dictas
992 3720 1246 3804 appreciationes
1269 3733 1303 3785 et

153 3825 378 3909 inquisitiones
404 3820 564 3885 faciendas
587 3820 697 3884 venire
724 3820 847 3884 faciatis
874 3842 981 3886 coram
1008 3821 1160 3907 predictis
1187 3843 1302 3906 appre-

151 3929 324 3992 ciatoribus
349 3937 382 3990 et
405 3922 651 4009 inquisitoribus
673 3924 804 4001 nostris,
828 3925 868 3988 ad
892 3936 996 3989 certos
1019 3926 1104 3990 diem
1127 3938 1161 3990 et
1182 3926 1301 4005 locum,

152 4055 232 4115 quos
262 4033 365 4096 eidem
396 4029 602 4113 inquisitores
641 4027 734 4091 vobis
772 4028 853 4092 scire
882 4029 999 4094 facient
1035 4030 1117 4094 infra
1149 4029 1299 4097 ballivum
