3540 4830
474 506 533 564 liet
825 518 986 561 erronica
1011 516 1186 561 unroncrt
1212 516 1258 561 ss·

510 673 603 735 Tune
641 672 775 735 missum
809 679 860 732 eat
901 669 998 734 breve
1033 668 1166 733 Domini
1210 668 1307 753 Regia
1340 666 1478 733 Civibus
1525 666 1621 733 Lon·

467 776 635 840 doniarum
653 774 713 838 nub
730 774 832 837 torma
844 770 1036 856 subscripta.

513 879 685 953 Hernicus,
713 878 774 940 Dei
801 876 913 961 gratia,
938 878 1000 939 dte.
1033 874 1152 938 Msiori
1177 886 1212 939 et
1238 872 1493 939 vicecomitibus
1506 884 1543 939 et
1554 874 1621 939 tati

468 980 705 1045 communitati
728 978 878 1043 Civitatis
899 998 957 1041 sue
974 976 1216 1041 Londoniarum
1240 978 1397 1043 Salutem.
1441 978 1529 1043 Cum
1546 1000 1623 1055 rm,

470 1085 587 1160 Maior,
602 1094 636 1146 et
650 1082 780 1165 quidam
798 1080 838 1143 dc
853 1080 1042 1143 concivibus
1057 1080 1174 1145 vestris
1188 1080 1354 1165 predictis.
1375 1102 1480 1165 nuper
1493 1082 1529 1145 itt
1545 1102 1624 1167 pte·

467 1187 571 1251 aetitia
587 1196 698 1247 anostra
712 1184 894 1259 coristituti,
909 1184 972 1247 tale
993 1195 1230 1247 sacramentum
1249 1184 1482 1267 presumitis,
1501 1184 1624 1249 videli-

467 1303 530 1367 cet,
564 1287 650 1372 quod
686 1298 796 1349 nostre
822 1284 895 1349 fidei
922 1301 1034 1349 nostro
1069 1296 1229 1371 perpetuo
1261 1298 1449 1351 constanter
1479 1286 1623 1353 edbet'e·

467 1392 555 1467 bitin,
577 1404 610 1453 et
645 1389 684 1465 ai,
708 1389 838 1452 virente
863 1388 1034 1465 Enniano,
1060 1388 1276 1474 primogenito
1299 1400 1424 1467 nostro,
1448 1388 1491 1453 tle
1519 1388 1624 1455 nobis

469 1496 651 1558 humaniter
667 1489 927 1576 contigerit,ipae
944 1490 1117 1568 Edwardo,
1128 1500 1163 1553 ct
1183 1490 1363 1567 uincente
1374 1488 1625 1567 lohannet'atia

469 1620 540 1671 aur),
556 1621 616 1660 nnn
632 1610 665 1659 et
689 1596 760 1681 ipse
787 1593 967 1658 Edwardus
991 1592 1025 1656 in
1050 1592 1116 1656 iata
1134 1592 1381 1669 decesserimus,
1395 1592 1457 1679 ipsi
1467 1588 1623 1657 Jobsttni

470 1722 526 1785 pre
537 1701 663 1764 cunctis
679 1697 871 1762 mortalibus
893 1695 1029 1759 candem
1042 1694 1141 1759 fidem
1156 1694 1328 1780 portabitis
1342 1704 1377 1759 et
1389 1692 1624 1773 obaurabitia,

468 1816 588 1888 etpost
614 1805 685 1887 ejus
706 1801 876 1865 decessum
893 1798 989 1862 rectis
1004 1796 1179 1861 heredibus
1204 1818 1324 1862 corone
1342 1796 1471 1883 Anglie,
1496 1807 1532 1862 et
1558 1818 1625 1863 om

469 1906 662 1991 quibusdam
679 1904 719 1967 de
734 1902 841 1965 cauda
866 1899 1028 1977 volumus,
1040 1900 1126 1985 qut‘nl
1143 1898 1278 1984 quilibet
1293 1912 1438 1965 vestrum
1452 1899 1517 1965 hoc
1531 1900 1624 1967 iden

469 2021 706 2072 sacramentum
729 2027 837 2069 coram
860 2003 980 2067 dilecto
1003 2014 1038 2067 ct
1063 2002 1150 2067 fideli
1166 2014 1279 2067 nostro
1294 2004 1450 2088 magistro
1463 2002 1625 2073 Joltettn

259 2132 272 2155 ¹·
309 2112 341 2158 ’Ψ
377 2146 385 2161 ·
468 2113 508 2175 de
524 2110 686 2185 Clrislrull‚
699 2108 914 2173 Tltcsaurario
925 2119 1050 2185 nostro,
1070 2128 1128 2191 per
1145 2107 1319 2172 consilium
1334 2106 1624 2187 suumliscist,et

469 2237 527 2300 pro
540 2227 629 2299 parte
646 2235 704 2276 sua
719 2222 900 2290 consecret,
915 2208 1008 2273 robis
1035 2209 1239 2288 mandamus,
1258 2208 1347 2295 quod
1361 2230 1433 2289 vos,
1445 2230 1564 2275 omnes
1584 2222 1626 2277 et

468 2317 598 2399 singuli,
628 2317 667 2380 ad
694 2316 832 2400 aliquem
857 2324 981 2378 certum
1009 2312 1094 2377 diem
1118 2312 1150 2375 in
1178 2312 1343 2395 llustingo
1363 2324 1473 2379 restro
1497 2312 1552 2379 vel
1576 2314 1626 2381 etl

470 2445 599 2486 crucem
624 2422 656 2483 in
684 2418 842 2483 cimiterio
875 2417 986 2479 Sancti
1020 2415 1122 2491 l‘auli,
1147 2414 1227 2479 illud
1264 2415 1350 2479 idem
1380 2428 1626 2485 ammentum

470 2525 621 2609 prestetia
646 2523 677 2587 in
702 2525 805 2586 torma
830 2520 982 2606 predicta.
1042 2519 1087 2582 Et
1112 2518 1188 2603 quis
1208 2517 1360 2583 volumus
1377 2518 1468 2605 quod
1493 2518 1628 2587 Civitas

471 2627 614 2711 predicta
633 2626 674 2687 ad
702 2638 844 2687 ritrstmrn
871 2635 905 2687 ct
927 2634 1067 2685 vestram
1094 2622 1302 2685 securitatem
1326 2632 1361 2685 ct
1383 2642 1495 2709 petrem
1513 2622 1631 2691 tslitee

470 2729 682 2803 custodiatur,
706 2750 747 2789 ne
773 2726 899 2809 aliquis,
924 2726 965 2789 de
994 2748 1060 2809 quo
1089 2724 1233 2809 suspicio
1259 2722 1370 2790 lrabeat
1403 2724 1520 2811 possit,
1547 2748 1627 2795 een

473 2830 676 2911 ingrediatur.
702 2851 760 2914 per
782 2828 869 2912 quod
894 2826 988 2889 nobie
1003 2840 1036 2889 ct
1051 2827 1144 2891 rolris
1168 2828 1346 2911 tlanrpnum
1370 2839 1427 2891 sut
1440 2826 1627 2913 pericolum

474 2946 585 3018 peraret
600 2933 748 3005 evenire3
764 2930 856 2993 colna
873 2929 1063 2992 mandamus
1084 2931 1117 2993 in
1134 2929 1208 3005 lide,
1224 2928 1375 3013 homagio
1389 2944 1424 2995 et
1437 2930 1629 3013 dilectione,

471 3035 591 3121 quilius
618 3034 712 3098 nobis
736 3033 903 3109 tenemini,
930 3032 1065 3096 tirmiter
1094 3034 1300 3117 injungentes
1326 3034 1480 3117 quatinus
1509 3048 1628 3121 portu

473 3138 622 3202 Civitatis
639 3149 756 3214 cestre,
771 3158 845 3198 curn
867 3134 1055 3198 hominibus
1078 3136 1273 3201 sufficienter
1295 3140 1428 3203 umetis
1449 3140 1491 3205 de
1504 3138 1629 3207 dicbus

471 3242 638 3319 custodiri,
653 3252 687 3305 et
701 3238 852 3304 noctibus
874 3237 1009 3302 firmiter
1030 3252 1062 3303 ct
1089 3260 1199 3303 secure
1215 3240 1321 3305 claudi
1334 3241 1469 3317 lecistis,
1483 3253 1520 3308 et
1532 3244 1629 3329 qnod

471 3368 560 3410 arrna
576 3366 633 3407 nec
661 3366 761 3427 equos
785 3342 879 3427 pretii
899 3353 1029 3405 centurn
1056 3340 1232 3405 solidorum
1252 3343 1302 3407 rel
1321 3343 1415 3421 ultra,
1429 3356 1522 3409 extr!
1535 3366 1631 3413 estn-

472 3449 545 3511 dctn
571 3447 745 3511 (ivitatem
772 3445 929 3517 vendatis,
960 3468 1018 3507 nec
1050 3468 1099 3511 ea.
1127 3443 1197 3506 aliis
1226 3466 1324 3529 quam
1353 3446 1466 3509 amicis
1502 3450 1632 3515 nostris

474 3552 620 3625 tautonis,
646 3563 736 3613 extra
765 3548 869 3632 ipsam
897 3548 1071 3611 Civitatem
1103 3547 1188 3615 duci.
1215 3546 1264 3610 rel
1294 3547 1424 3632 aliquod
1453 3548 1633 3635 collegium

474 3654 654 3727 hominurn,
685 3650 725 3714 de
747 3671 811 3733 qus
838 3648 968 3711 sittiatra
992 3648 1135 3732 nuaqritio
1156 3646 1266 3715 ltalrcri
1293 3664 1415 3737 [misen
1440 3665 1496 3716 sut
1526 3656 1634 3723 etism

473 3778 574 3839 equos
590 3756 629 3817 tle
646 3755 753 3839 precio
769 3775 842 3816 curn
854 3752 963 3827 arinis,
974 3752 1076 3836 ipsam
1093 3751 1265 3815 Civitatem
1281 3754 1403 3837 ingredi
1419 3754 1634 3841 permittent,

475 3880 572 3943 super
583 3859 817 3920 t'nrinlaetnrnrn
830 3856 976 3919 onmium
991 3856 1149 3917 bonornnt
1163 3868 1356 3935 vestrorum,
1370 3871 1403 3923 et
1416 3860 1515 3923 etiam
1530 3860 1637 3927 liber·

476 3974 578 4023 tatum
596 3960 747 4021 Civitatis
764 3973 869 4020 restra
885 3958 1039 4042 predicte.
1082 3958 1181 4021 'l'eate
1198 3980 1249 4021 rnc
1266 3960 1337 4045 ipso
1359 3960 1446 4047 apud
1462 3960 1639 4051 Ἡμάω-

476 4062 599 4135 inurant,
616 4062 692 4123 xxix
709 4062 761 4123 die
776 4060 942 4127 Octobris.
953 4062 1139 4145 annoregni
1156 4062 1259 4125 nostri
1275 4062 1339 4126 lt·⁸⁹.
