3540 4830
479 530 737 581 vrcaoosrrruu
763 533 1046 581 uouoonrsauu.
1268 523 1327 582 123

181 672 328 764 Rogerus
355 681 549 764 Cestrensis,
571 687 734 752 Walterus
761 686 1040 767 Sarresberiensis,
1064 687 1271 753 Batoniensis
1293 699 1328 753 et

180 784 351 867 (Anianus)
391 786 501 852 Sancti
535 791 735 857 Thessvenis
765 792 806 856 de
829 790 969 869 Wallia3
1002 791 1058 876 qui
1088 790 1235 856 fecerunt
1263 792 1327 876 legi

178 887 338 968 quandam
361 887 482 952 bullam
507 890 693 958 innocencii
719 896 815 979 Pape,
841 915 904 977 que
929 892 1134 958 confirmavit
1156 892 1270 958 cartas
1286 896 1327 961 de

178 987 399 1053 Libertatibus
425 992 540 1077 Anglie
558 1006 592 1059 et
611 996 651 1059 de
679 995 825 1074 Foreata,
848 1017 928 1080 quas
952 997 1022 1060 Rex
1044 997 1122 1061 lecit
1143 994 1326 1062 Batonibus

177 1096 304 1180 Anglie,
333 1119 419 1162 anno
443 1098 532 1182 regni
562 1097 612 1161 sui
638 1118 747 1175 nono;
778 1106 813 1160 et
841 1097 987 1162 facerunt
1011 1098 1073 1184 legi
1099 1120 1207 1164 coram
1236 1101 1326 1164 omni

177 1198 299 1284 populo
313 1212 424 1284 aperte
446 1210 480 1264 et
502 1200 654 1264 distincte
668 1202 875 1276 sententiam,
897 1222 960 1285 que
982 1221 1041 1285 per
1059 1202 1114 1285 xiij
1133 1202 1326 1288 Episcopos,

177 1301 415 1384 pontificalibus
436 1302 579 1380 indutos,
600 1303 697 1365 Anno
722 1301 855 1365 Domini
871 1301 1131 1368 M⁰.cc⁰.1.111⁰.
1155 1305 1189 1367 in
1211 1305 1326 1389 majori

177 1406 249 1469 aula
273 1406 567 1486 westmonasterii,
591 1428 698 1471 coram
721 1405 865 1470 Domino
891 1406 979 1491 Rege
1003 1416 1037 1470 et
1059 1408 1172 1471 multis
1195 1431 1326 1493 magna-

175 1508 264 1571 tibus
288 1509 404 1594 Anglie
435 1509 500 1572 lata
523 1509 586 1572 luit
611 1508 643 1570 in
674 1528 788 1571 omnes
818 1517 1072 1592 transgressores
1108 1510 1324 1592 predictarum

175 1622 346 1673 cartarum.
391 1610 519 1675 Quibus
546 1609 637 1673 lectis
663 1619 697 1673 et
721 1631 741 1672 a
766 1609 888 1694 populo
908 1608 1092 1687 intellectis,
1118 1610 1182 1693 ipsi
1207 1633 1323 1677 novem

175 1713 331 1798 Episcopi
354 1714 716 1777 excommunicaverunt
741 1733 866 1791 omnes,
886 1711 942 1796 qui
957 1721 1034 1796 post
1049 1713 1226 1798 predictam
1249 1712 1326 1779 sen-⁶

174 1814 308 1879 tentiam
324 1816 421 1878 latam
432 1814 552 1898 aliquid
567 1813 772 1878 feceruntvel
787 1814 1044 1897 impetraverunt
1058 1826 1170 1879 contra
1184 1817 1323 1901 aliquem

174 1917 344 1982 articulum
368 1918 402 1981 in
427 1918 579 2003 predictis
608 1917 705 1982 cartis
730 1916 960 2001 specificatum.
1013 1918 1323 1985 Excommunicave·

172 2032 249 2084 runt
263 2021 359 2084 etiam
376 2042 500 2098 omnes,
515 2020 582 2105 qui,
596 2020 630 2083 in
645 2018 887 2104 perturbatione
902 2018 1013 2083 habita
1027 2020 1061 2083 in
1081 2042 1190 2104 regno,
1205 2044 1322 2086 manus

171 2123 329 2188 violentas
349 2123 383 2186 in
407 2133 546 2187 rectores
562 2133 619 2187 aut
632 2122 765 2186 clericos
781 2122 970 2206 injecerunt,
985 2134 1019 2187 et
1033 2124 1088 2208 qui
1103 2123 1199 2202 bona,
1214 2125 1322 2209 cujus-

170 2248 297 2310 cunque
320 2228 451 2291 luerunt
475 2225 508 2289 in
529 2225 627 2289 sacris
645 2224 725 2288 locis
741 2223 900 2309 deposita,
914 2236 1070 2309 ceperunt
1090 2236 1124 2290 et
1137 2236 1321 2309 asportare·

169 2340 258 2409 runt,
276 2330 339 2393 nisi
355 2330 438 2393 infra
453 2329 648 2413 quindenam
664 2336 740 2412 post
762 2327 944 2412 predictum
967 2328 1052 2392 diem
1068 2329 1108 2392 ad
1123 2330 1322 2393 emendatio·

170 2455 245 2495 nem
274 2431 416 2508 veniant,
442 2441 476 2495 et
502 2429 680 2493 secundum
696 2428 865 2493 arbitrium
891 2429 1036 2494 locorum
1061 2430 1320 2496 diocesaniorum

169 2532 392 2597 satisfecerint.
437 2532 511 2598 Qua
535 2531 696 2595 sententia
718 2541 832 2616 postea
856 2529 1018 2615 divulgata
1043 2531 1105 2595 fuit
1127 2531 1161 2595 in
1186 2531 1320 2617 singulis

168 2633 311 2698 ecclesiis
327 2631 570 2695 Londoniarum
586 2652 644 2716 per
658 2631 856 2717 presbiteros
871 2631 1080 2716 parochiales.

209 2736 287 2816 soie
303 2734 420 2798 Martis
436 2743 511 2798 ante
528 2735 755 2812 Pentecosten,
772 2748 852 2798 tunc
868 2735 956 2819 xxvij
973 2735 1026 2799 die
1042 2735 1135 2813 Maii,
1152 2736 1223 2800 Rex
1240 2736 1319 2801 Ale·
1326 2759 1364 2818 so.
1377 2758 1423 2807 120
1435 2768 1467 2810 ν.

167 2837 296 2902 mannie
312 2835 536 2921 pronunciavit
548 2836 671 2900 dictum
686 2858 782 2900 suum
798 2834 860 2901 sub
874 2836 935 2902 hac
949 2837 1073 2916 forma3
1096 2838 1183 2922 quod
1207 2838 1236 2902 si
1250 2839 1321 2904 Do-

167 2941 275 3005 minus
291 2938 471 3003 Edwardus
487 2959 573 3003 mare
588 2949 731 3004 transeat
744 2960 857 3003 versus
871 2938 1004 3004 Terram
1020 2938 1182 3019 Sanctam,
1208 2961 1320 3006 mense

167 3041 362 3128 Septembri,
387 3052 465 3106 tunc
492 3041 612 3106 Comes
640 3041 816 3108 Glovernie
845 3041 998 3107 transibit
1025 3043 1206 3127 predictum
1231 3066 1320 3108 mare

166 3166 278 3209 mense
294 3143 415 3206 Martio
430 3145 579 3226 proximo
595 3144 753 3228 sequenti.
798 3143 844 3208 Et
868 3143 897 3208 si
911 3143 1018 3208 dictus
1034 3144 1154 3208 Comes
1173 3166 1234 3228 pro
1249 3145 1320 3209 Do·

166 3248 255 3310 mino
271 3245 370 3329 Rege,
385 3245 441 3329 qui
462 3267 556 3309 cruce
572 3244 717 3329 signatus
736 3257 798 3323 est,
814 3246 954 3310 voluerit
978 3245 1058 3310 illud
1081 3247 1143 3311 iter
1167 3246 1318 3330 arripere,

166 3360 244 3412 tunc
255 3345 417 3410 Dominus
429 3346 498 3409 Rex
508 3346 599 3410 dabit
607 3347 821 3412 eiootomille
833 3368 956 3411 marcas
964 3347 1099 3430 argenti,
1110 3347 1316 3413 medietatem

165 3452 205 3515 ad
221 3451 340 3514 festum
350 3448 508 3513 Omnium
525 3448 717 3514 Sanctorum
728 3450 876 3534 proximo
889 3459 1079 3533 sequentem
1093 3459 1128 3514 et
1138 3449 1233 3514 aliam
1248 3473 1315 3516 me·

165 3555 316 3618 dietatem
339 3572 451 3615 mense
476 3552 597 3615 Martio
613 3562 788 3637 sequente3
812 3552 920 3616 sedai
945 3573 1005 3636 pro
1020 3573 1056 3617 sa
1080 3552 1153 3638 ipso
1179 3554 1317 3619 voluerit

163 3657 242 3722 illud
257 3655 319 3718 iter
333 3654 448 3730 tacere,
464 3664 542 3718 tunc
558 3655 720 3718 Dominus
734 3654 804 3718 ilex
819 3652 909 3717 dabit
934 3654 965 3718 ei
980 3654 1046 3718 duo
1067 3655 1168 3720 millia
1192 3677 1315 3722 marcas

161 3771 195 3826 ct
219 3780 277 3843 pro
300 3757 470 3821 securitate
491 3757 672 3842 predictum
698 3757 821 3821 dictum
847 3756 1041 3822 observandi
1064 3758 1171 3823 dictus
1194 3758 1314 3825 Comes

162 3864 265 3928 tradet
275 3861 308 3925 in
318 3882 434 3924 manus
450 3859 585 3924 Domini
603 3859 699 3944 Regis
715 3869 856 3924 castrum
868 3859 909 3924 de
918 3859 1116 3947 Tunbrigge,
1125 3871 1159 3926 et
1173 3873 1313 3930 castrtmu

162 3969 202 4031 de
220 3964 365 4049 Henlege
388 3963 421 4027 in
446 3962 596 4027 marchiis
616 3962 744 4040 Wullie,
764 3963 809 4027 ita
830 3963 917 4050 quod
932 3984 1007 4028 cum
1029 3965 1212 4030 constiterit
1233 3966 1314 4052 Regi

161 4072 270 4156 ipsum
293 4091 364 4134 esse
386 4068 419 4132 in
442 4068 540 4132 Terra
562 4067 691 4145 Sancta,
712 4075 791 4131 tunc
814 4067 961 4154 predicta
983 4088 1089 4134 castra
1118 4070 1214 4136 faciet
1243 4071 1313 4138 Rex
