3540 4830
482 470 524 528 96
828 486 989 531 ceos-scs
1014 486 1190 532 nsrosorr
1215 486 1260 531 rr

481 635 543 697 suit
558 633 655 698 breve
672 636 805 699 Domini
824 634 922 719 Regis
942 636 1189 701 dominoAlsno
1203 636 1234 701 ls
1247 635 1369 713 zuche,
1384 634 1524 699 Custodi
1540 634 1633 699 cisi·

480 737 568 813 tntis,
588 749 621 801 et
647 737 782 815 ciiibus,
806 739 1020 822 precipientes
1045 752 1082 802 ut
1103 740 1272 804 Johsnnes
1294 736 1438 803 Addrien
1463 748 1498 801 et
1521 735 1634 801 Lon·

482 837 521 901 de
538 838 711 902 Betencurt
726 851 926 904 remanerent
943 841 1056 904 Belliri
1070 863 1171 925 osque
1183 842 1223 904 sd
1235 841 1411 904 adrentum
1423 858 1521 903 suurn
1540 837 1635 903 lm·

481 939 598 1018 doniis,
613 954 646 1005 et
661 942 706 1005 sic
722 956 945 1007 remanserunt
966 944 1081 1007 Bellivi
1108 964 1211 1028 usque
1235 943 1276 1006 od
1295 943 1427 1007 Puosm
1447 942 1633 1027 proxim

481 1062 631 1126 sequens,

565 1145 732 1209 Joiiennes
748 1146 903 1210 Addrien.

564 1247 670 1311 Lucas
686 1247 726 1311 de
746 1249 931 1312 Betencurt.

522 1348 596 1412 Hoc
611 1371 697 1413 enno
715 1351 875 1413 Dominus
893 1350 972 1426 Res,
988 1351 1115 1414 rediens
1138 1351 1178 1415 de
1199 1347 1425 1435 Selopesbery,
1442 1348 1527 1413 teet·
1548 1364 1634 1413 eon·

289 1428 390 1535 ''2¹¹2''
403 1426 449 1535 ‘'2⁸-
477 1451 584 1514 cordis
599 1453 683 1516 inter
697 1453 804 1535 ipsum
820 1464 853 1515 et
870 1453 1068 1517 [seweiinurn
1092 1453 1272 1538 principem
1289 1450 1417 1527 wellis,
1432 1450 1522 1514 renit
1540 1448 1633 1513 ian·

477 1552 605 1616 doniis
598 1577 630 1617 in
647 1554 753 1668 sigiliis
765 1554 875 1618 Sancti
892 1555 1053 1632 Ednardi,
1072 1556 1167 1637 Regis
1182 1568 1215 1620 et
1231 1552 1448 1617 confessoris.

304 1704 361 1747 ...1.
347 1685 422 1730 ...ηε
522 1655 596 1719 Hoc
610 1677 695 1718 enno
718 1657 801 1720 circs
823 1656 942 1719 festum
969 1658 1080 1720 Sancti
1107 1656 1277 1720 Michseiis
1297 1654 1463 1740 provisum
1485 1652 1548 1717 {uit
1570 1674 1633 1739 per

256 1750 432 1809 ‘'fimf“f‘*
410 1748 464 1794 ¹⁴¹⁰
444 1757 645 1819 ”consilium
664 1758 795 1820 Domini
809 1758 917 1841 Regis,
932 1760 1020 1843 quod
1035 1760 1120 1823 fecte
1134 1758 1273 1822 suisset
1265 1756 1432 1841 inquisitio
1447 1776 1505 1840 per
1518 1766 1630 1821 toturn

255 1832 403 1877 ΜΝΞῙΗΙ

284 1896 344 1953 ...ς
377 1894 413 1951 μ
477 1879 609 1941 regnum
618 1859 732 1941 inglie
743 1860 782 1923 de
794 1861 937 1923 articulis
938 1860 1180 1945 ,quisubnotsti
1192 1858 1451 1935 suntGoliioir,in
1462 1857 1525 1921 hoc
1533 1856 1633 1923 libro.

318 1958 402 1987 annu

522 1960 624 2023 Porco
640 1960 679 2023 ke
695 1960 716 2022 li
736 1962 810 2023 Rois
825 1961 1008 2043 deriglctere
1023 1963 1063 2024 ed
1079 1963 1164 2025 done
1176 1963 1223 2025 les
1235 1974 1336 2025 terres
1347 1960 1388 2024 de
1398 1960 1527 2044 plusurs
1536 1982 1632 2045 gens,

277 2074 334 2147 ..¹'''
386 2041 421 2115 ni-
477 2062 518 2125 ke
536 2073 595 2125 unt
609 2074 709 2125 terres
722 2085 761 2126 en
774 2063 915 2126 diverses
927 2064 1092 2127 Coontees
1107 2076 1140 2128 et
1152 2086 1192 2127 en
1208 2064 1351 2127 diverses
1367 2062 1532 2139 Hundrrs,
1545 2084 1634 2147 pour

256 2152 389 2245 'Y‘ffi'fflsssjf'
399 2152 438 2244 ,¹¹³
478 2186 514 2227 ce
531 2175 610 2228 root
625 2165 657 2241 il,
674 2165 713 2227 ke
729 2165 758 2227 ie
774 2166 806 2227 in
823 2187 984 2249 enquerge
1000 2166 1033 2229 ki
1049 2179 1126 2230 sunt
1141 2168 1239 2231 seiiiie
1263 2188 1320 2249 por
1334 2166 1387 2241 lie,
1402 2188 1443 2229 en
1458 2166 1533 2249 quei
1545 2166 1634 2231 huri·

282 2282 290 2309 ¹
330 2264 452 2335 ΗΜ,
479 2267 642 2341 elred,‹ies
669 2280 768 2331 terres
793 2268 833 2331 de
859 2268 943 2344 cels3
967 2269 999 2331 ki
1021 2269 1085 2331 lein
1111 2269 1169 2346 dit,
1198 2268 1362 2331 keiurcnt
1387 2280 1498 2331 contre
1514 2268 1560 2331 itti
1587 2290 1632 2335 ers

361 2344 401 2438 ⁸:
427 2346 466 2372 m
479 2382 548 2433 cest
561 2385 765 2433 emorernent
782 2371 821 2434 de
838 2393 896 2431 son
913 2392 1021 2453 regne,
1043 2382 1076 2434 et
1095 2371 1134 2433 de
1157 2371 1267 2455 quoles
1288 2382 1388 2434 terres
1404 2370 1426 2433 ii
1441 2382 1519 2435 sont
1532 2370 1634 2449 teitu,

388 2516 395 2528 .
479 2484 512 2534 et
532 2494 551 2533 o
574 2472 606 2535 iri
622 2472 706 2537 celes
726 2484 826 2535 terres
851 2473 969 2547 forent,
989 2495 1007 2534 e
1026 2473 1058 2535 ki
1079 2472 1126 2534 les
1139 2478 1219 2535 tient
1240 2493 1306 2547 ore,
1326 2470 1393 2534 eki
1409 2480 1481 2547 unt!
1497 2472 1567 2557 pris
1582 2472 1633 2537 les

480 2575 597 2657 espleiz
614 2576 653 2637 de
668 2575 752 2636 celes
768 2586 867 2637 terres
884 2596 945 2657 pus
961 2574 1007 2637 cel
1023 2596 1111 2651 ceos,
1125 2589 1159 2639 et
1175 2596 1217 2637 ou
1234 2574 1255 2637 it
1271 2586 1349 2637 sunt
1364 2572 1519 2637 deterius.

527 2675 647 2736 Dentre
663 2686 744 2757 part,
760 2675 781 2737 il
797 2686 872 2736 veut
888 2696 979 2737 sever
994 2675 1034 2738 ke
1060 2676 1122 2739 lein
1140 2696 1300 2758 enquerge
1323 2673 1356 2736 ki
1379 2685 1439 2736 unt
1464 2674 1531 2758 pris
1545 2678 1635 2743 sutri

481 2789 582 2839 terres
601 2796 620 2835 o
643 2776 728 2837 soree
749 2797 805 2858 por
825 2775 988 2838 enehesun
1006 2777 1057 2840 del
1072 2776 1218 2839 si·entdit
1245 2786 1432 2839 rnorement
1453 2776 1505 2839 det
1521 2798 1636 2863 regne,

480 2888 513 2939 et
528 2876 574 2938 les
591 2875 736 2938 detinent
757 2898 838 2937 eneo
855 2889 888 2939 et
912 2899 969 2939 nes
991 2892 1050 2941 unt
1073 2900 1130 2961 pos
1147 2877 1284 2939 rendues
1299 2900 1340 2940 ou
1358 2877 1428 2955 Rei,
1447 2891 1481 2942 et
1503 2880 1560 2964 qui
1582 2880 1635 2947 lu

481 2978 585 3041 tinent
601 2990 633 3039 et
649 2999 706 3061 per
725 2978 799 3061 quel
817 2989 940 3061 gereret.

528 3080 554 3142 tl
578 3092 653 3141 veut
687 3077 726 3141 ke
751 3079 814 3141 lein
842 3102 1013 3163 enquerge,
1043 3081 1075 3143 ki
1100 3093 1159 3143 unt
1182 3094 1250 3145 este
1273 3094 1385 3145 contre
1408 3082 1451 3147 lui
1483 3105 1525 3148 en
1560 3100 1636 3153 oest

481 3183 582 3259 beret,
597 3204 640 3244 ou
655 3204 696 3245 en
717 3181 762 3245 set
778 3204 820 3244 ou
840 3204 881 3246 en
897 3181 955 3249 dit.
977 3197 1011 3245 et
1029 3184 1056 3245 si
1079 3183 1126 3245 les
1147 3196 1246 3247 terres
1262 3206 1305 3248 ou
1320 3185 1367 3248 les
1382 3185 1474 3251 biens
1488 3187 1530 3251 de
1552 3210 1637 3256 om

481 3296 557 3346 sunt
572 3305 687 3347 encore
703 3283 805 3345 dorni
821 3306 862 3345 ou
881 3306 947 3347 nun
964 3307 1022 3369 por
1037 3285 1066 3348 ie
1085 3286 1141 3347 ttei
1155 3308 1196 3347 ou
1210 3308 1267 3369 per
1279 3286 1334 3349 nul
1351 3286 1391 3350 de
1403 3308 1491 3351 setis.

526 3386 571 3448 Le
588 3386 619 3447 in
636 3406 775 3467 enquero
786 3384 931 3448 eusibien
949 3387 1005 3449 des
1024 3386 1231 3461 Ercereskes,
1248 3386 1404 3464 Ercskes,
1419 3388 1638 3475 detutegem

481 3489 521 3552 de
543 3488 686 3571 religion,
702 3487 742 3549 de
757 3488 831 3571 quel
847 3488 939 3550 ordre
962 3488 1003 3551 ke
1026 3487 1046 3550 ii
1071 3488 1185 3563 seient,
1209 3512 1282 3552 curn
1306 3489 1347 3552 de
1366 3510 1521 3574 persona
1540 3506 1575 3557 et
1590 3492 1638 3563 d·

482 3602 651 3674 prestrese
668 3589 707 3651 de
723 3589 803 3651 elers
819 3610 837 3651 e
852 3590 891 3651 de
908 3602 976 3652 tote
992 3602 1083 3653 autre
1099 3611 1226 3653 nienerc
1242 3590 1283 3653 de
1293 3612 1385 3673 gens,
1400 3588 1433 3653 ti
1444 3612 1482 3655 oe
1492 3606 1583 3671 sunt,
1599 3594 1638 3665 ki

483 3703 682 3775 nperternent
700 3703 904 3774 procurerent
923 3691 962 3753 de
979 3691 1134 3753 busunies
1150 3692 1189 3755 de
1212 3692 1320 3756 Cunte
1343 3693 1384 3757 do
1408 3692 1584 3773 leicestre,
1599 3712 1640 3767 et

484 3794 548 3856 ‹els
565 3794 604 3856 ke
621 3794 762 3856 tindrent
778 3793 821 3855 od
845 3793 887 3855 lui
908 3816 948 3855 en
964 3806 1089 3857 atreont
1103 3793 1133 3855 le
1148 3808 1225 3878 gent
1241 3817 1297 3879 par
1317 3818 1511 3879 ineneonges
1525 3810 1561 3863 et
1575 3822 1642 3885 ptr

485 3896 636 3969 innectes,
650 3894 816 3978 perpriser
832 3896 861 3957 ln
877 3896 979 3980 partie
995 3897 1024 3960 le
1037 3896 1177 3974 Countr,
1188 3911 1221 3962 et
1236 3898 1358 3962 blsmer
1372 3898 1402 3963 is
1417 3899 1520 3983 partie
1531 3900 1563 3967 le
1574 3902 1641 3971 Rei

485 4008 518 4057 et
534 4016 594 4056 sun
611 3995 661 4057 tiz.
