3540 4830
446 429 490 491 46
805 446 966 493 esonscs
991 446 1168 493 usrosors
1193 450 1239 495 ιτ

445 598 543 663 nichil
558 597 690 673 hubent,
704 608 737 662 et
753 598 869 683 plseitu
889 599 929 664 de
944 598 1233 665 consuetudinibus
1247 612 1280 665 et
1295 603 1448 683 serviciis,
1463 605 1597 691 piscius-

445 712 557 764 rentur
572 701 627 765 illo
643 701 706 779 die,
721 724 787 785 quo
802 701 919 786 plseits
933 702 1118 766 eommunis
1132 712 1294 770 tenentur.

490 803 614 867 Eodem
625 826 721 879 enno,
731 817 806 888 post
823 804 1081 869 Purifiestionem
1094 803 1187 871 beste
1203 807 1308 873 Murio
1318 810 1408 874 venit
1425 810 1493 875 Rex
1505 811 1595 876 lon·

445 904 563 984 doniis,
585 919 618 969 et
644 917 756 990 postes
778 905 830 969 die
856 906 1028 971 Dominies
1049 919 1125 971 ente
1149 908 1268 971 testum
1292 908 1403 975 Ssneti
1420 910 1596 991 Valentini,

445 1008 520 1071 iecit
533 1009 704 1073 convenire
719 1009 906 1073 Poiksmots
919 1009 960 1073 sd
974 1032 1100 1075 cruoem
1112 1008 1223 1075 Ssneti
1240 1011 1342 1091 Pauli,
1353 1010 1408 1077 ubi
1424 1012 1494 1098 ipse
1506 1014 1597 1078 venit

444 1122 476 1175 et
491 1111 558 1173 Res
569 1111 771 1187 Alemannie,
782 1111 1054 1195 Arehiepiseopus
1066 1110 1251 1190 Centusrie,
1261 1112 1430 1179 Johennes
1443 1114 1596 1179 Msurud

443 1222 477 1274 et
501 1212 593 1275 multi
616 1212 680 1276 ulii.
738 1213 812 1296 lpse
828 1235 903 1277 uero
929 1214 998 1277 Rex
1017 1214 1161 1299 precepit
1174 1227 1212 1279 ut
1225 1218 1392 1283 omnesde
1405 1230 1492 1283 erute
1512 1218 1595 1283 duo·

443 1312 546 1378 decim
562 1336 720 1378 unoorusn
736 1315 922 1399 etamplius
943 1337 1050 1379 eorum
1077 1316 1297 1381 Aldermsnnu
1320 1338 1381 1381 suu
1403 1316 1437 1381 in
1460 1316 1596 1399 singuiis

444 1416 575 1480 ii'srdis
585 1419 749 1501 jurassent
764 1418 832 1480 fore
848 1416 959 1480 fideles
970 1418 999 1481 ei
1009 1419 1163 1502 quamdiu
1173 1415 1306 1493 vireret,
1316 1426 1351 1480 et
1365 1428 1441 1502 pust
1455 1428 1594 1483 mortem

444 1520 514 1602 ejus
529 1519 638 1583 heredi
658 1542 736 1597 suo;
759 1530 793 1583 et
819 1520 866 1585 sie
891 1522 1011 1585 fuctum
1036 1521 1108 1585 fuit.
1150 1519 1244 1583 'lune
1258 1517 1366 1583 eisuse
1380 1528 1459 1583 sunt
1479 1540 1594 1585 omues

444 1634 536 1705 porte
552 1621 702 1686 Civitatis
717 1622 758 1687 de
776 1622 828 1686 die
852 1633 885 1687 et
911 1634 1008 1686 noete
1031 1643 1089 1707 per
1111 1630 1298 1708 preceptum
1321 1619 1430 1705 Regis,
1450 1620 1595 1707 exeeptis

443 1735 537 1808 ports
552 1725 672 1808 pontis,
688 1736 781 1809 portu
796 1725 836 1789 de
862 1725 1008 1809 Ludgsto
1022 1738 1055 1789 et
1070 1736 1165 1810 ports
1184 1722 1224 1786 de
1249 1721 1394 1808 Aiegste,
1408 1744 1472 1808 que
1485 1723 1526 1788 de
1540 1722 1595 1789 die

445 1837 522 1889 sunt
533 1838 653 1911 aperte,
668 1838 702 1890 et
716 1827 904 1891 hominibus
915 1828 1047 1891 minutis
1061 1826 1143 1891 bene
1155 1824 1291 1889 munite.

223 1950 387 1999 naemu·
489 1927 751 2004 Mernorsndum,
773 1930 859 2012 quod
876 1930 937 1992 hoc
951 1951 1038 1993 sono
1053 1930 1087 1994 in
1110 1929 1264 1994 nundinis
1286 1928 1533 2015 Norhsmptoue
1558 1929 1593 1995 iu

220 2016 418 2125 ssfflff*
445 2053 510 2094 uno
526 2031 679 2095 conflictu
695 2032 778 2095 inter
800 2031 1046 2096 londonienses
1061 2044 1095 2096 et
1115 2032 1265 2097 homines
1279 2031 1321 2096 de
1342 2030 1594 2117 Norhsrnptous

222 2144 349 2205 numus
359 2144 388 2191 da
445 2134 540 2209 sueto,
569 2134 701 2197 fuerunt
719 2134 849 2216 quidum
862 2135 902 2199 de
920 2135 1135 2198 Norlrantons
1150 2134 1320 2213 vulnersti,
1344 2156 1482 2219 quorum
1505 2156 1591 2198 unus

219 2208 407 2271 Norbam
443 2250 555 2321 postes
567 2249 714 2298 mortuus
729 2248 797 2313 est;
820 2248 870 2300 set
885 2248 993 2300 utrum
1010 2237 1078 2320 ipse
1092 2257 1133 2299 ex
1145 2236 1198 2300 iiis
1212 2236 1333 2301 lesione
1347 2235 1398 2301 rel
1412 2248 1515 2301 morte
1531 2259 1591 2300 sus

442 2340 577 2403 naturali
594 2339 674 2402 obiit
690 2340 842 2403 nescitur.
890 2340 1003 2404 Bolliri
1014 2351 1122 2404 sutem
1138 2339 1224 2403 illius
1235 2338 1320 2417 ville,
1330 2339 1386 2425 qui
1400 2361 1528 2425 semper
1543 2341 1592 2405 in·

440 2442 551 2505 vident
569 2441 863 2519 londoniensibus,
875 2453 1028 2526 ceperunt
1041 2453 1180 2527 qustuor
1190 2440 1339 2505 immines
1350 2439 1390 2505 de
1403 2440 1594 2523 londoniis,

441 2544 646 2627 imponentes
660 2544 707 2607 eis
730 2558 867 2607 mortem
884 2545 982 2620 illem,
997 2556 1031 2607 et
1045 2544 1117 2607 ilios
1133 2544 1421 2619 inesreersremnt,
1435 2554 1469 2608 et
1482 2544 1593 2609 omnis

439 2644 525 2707 bons
541 2644 668 2707 iliorum
688 2658 720 2707 et
743 2643 878 2707 oliorum
901 2648 941 2709 de
966 2644 1145 2709 londoniis
1170 2656 1402 2710 srestsrerunt.
1447 2646 1594 2712 Quosn-

441 2749 509 2810 dito
527 2747 633 2809 Μαίων
647 2760 680 2809 et
705 2746 814 2821 Cives,
829 2748 904 2831 quis
931 2748 1037 2811 nulius
1063 2747 1302 2812 londoniensis
1325 2746 1423 2813 debet
1442 2748 1593 2832 piscium

440 2862 531 2913 extra
546 2869 654 2911 muros
671 2849 833 2925 Ciuitatis,
848 2862 954 2932 preter
969 2850 1085 2934 piscius
1100 2851 1140 2913 de
1155 2850 1279 2913 tenuris
1293 2848 1517 2927 exterioribus,
1531 2852 1592 2915 im·

442 2964 647 3037 potens-erunt
664 2951 786 3014 litteras
801 2952 902 3031 regies
917 2952 957 3014 sil
974 2952 1046 3015 ilios
1062 2951 1245 3015 liberendas
1261 2952 1390 3029 Maiori,
1405 2952 1456 3017 rel
1471 2952 1592 3017 nuncio

441 3076 501 3116 suo
518 3053 676 3137 predictos
703 3052 825 3117 litteras
841 3053 1008 3130 deserenti,
1024 3054 1131 3117 standi
1153 3054 1193 3116 sd
1217 3066 1341 3119 rectum
1363 3076 1471 3119 eorm
1494 3056 1593 3139 Rege,

442 3158 524 3220 sieut
540 3156 694 3220 deberent
704 3157 882 3219 seeundum
896 3157 982 3240 leges
995 3157 1166 3233 Civitatis3
1181 3157 1239 3221 sed
1253 3157 1331 3221 dicti
1348 3157 1463 3222 Bdlivi
1478 3156 1592 3223 uolue-

442 3271 516 3323 runt
533 3282 588 3323 eos
605 3260 777 3334 dimittere,
793 3280 896 3344 neque
921 3282 979 3344 pro
1006 3260 1061 3323 iilo
1085 3258 1176 3323 brevi
1201 3282 1305 3345 neque
1332 3282 1391 3346 pro
1414 3260 1488 3337 dio,
1502 3262 1591 3346 quod

443 3364 551 3426 Maior
561 3364 675 3426 iterum
693 3364 887 3446 impetrauit.
932 3363 996 3425 Sed
1013 3362 1085 3425 illos
1099 3362 1218 3426 sretius
1233 3375 1266 3427 et
1276 3362 1437 3429 crudelius
1449 3362 1592 3428 include·

442 3466 518 3527 bom
535 3478 647 3527 eontra
664 3478 814 3549 prerepto
832 3464 964 3528 Domini
983 3464 1080 3545 Regis
1100 3477 1132 3527 et
1156 3464 1319 3528 liirertstes
1337 3464 1593 3541 mindunium,

442 3580 473 3630 et
490 3570 532 3631 ito
548 3581 769 3631 reiiranserunt
794 3567 836 3629 ibi
861 3589 962 3651 usque
985 3580 1062 3652 post
1079 3566 1337 3631 l‘uritieutionem
1355 3567 1454 3631 Beute
1475 3568 1592 3643 Merie,

442 3694 506 3755 quo
522 3684 667 3753 ternpme
695 3671 761 3732 Rex
779 3670 866 3731 venit
884 3670 1063 3733 londoniis
1085 3682 1119 3732 et
1142 3670 1326 3753 hospitatus
1343 3682 1394 3733 est
1407 3671 1494 3754 spud
1508 3670 1592 3735 Tur·

442 3775 512 3835 rirn.
559 3773 598 3834 ln
625 3774 800 3834 erastinum
817 3786 925 3835 autern
948 3772 1108 3835 sdventus
1134 3772 1184 3834 sui
1207 3787 1412 3837 secesserunt
1437 3772 1544 3837 Maior
1558 3786 1593 3838 et

440 3876 538 3938 Cives
567 3875 608 3937 sd
634 3874 813 3939 Dominum
840 3874 960 3957 Regem
986 3886 1020 3939 et
1043 3876 1299 3959 impetrsrerunt
1323 3872 1365 3939 sb
1391 3896 1432 3939 eo
1458 3873 1591 3939 tertium
