3540 4830
716 473 894 519 nausson.
1339 451 1435 517 clxxv

226 623 364 682 viciorum
375 630 435 681 tam
453 622 604 681 liber-cmm
617 641 702 701 quam
721 625 889 694 nativomm,
903 642 960 682 uus
977 641 1044 682 cnm
1061 622 1153 681 leodis
1170 622 1292 680 militum
1304 631 1335 682 et
1347 623 1434 681 advo-

227 721 387 778 cacionrbus
411 720 600 789 ecclesiarum,
628 722 810 790 abbatiarum,
831 723 1014 798 prioratuum,
1038 718 1230 796 hospitalium,
1253 720 1433 788 vicariatum,

227 817 409 894 capellarum,
435 819 642 876 cantuariarum
669 827 698 876 et
723 819 843 876 aliorum
869 818 1068 877 beneficiorum
1101 835 1351 893 quorumcumque,
1379 836 1435 893 que

228 913 357 972 Hauriat>
374 913 433 971 filio
451 913 579 989 ejusdem
593 914 772 971 Vicecomitis
785 933 820 972 ac
833 914 891 972 lilio
906 923 935 972 et
946 912 1043 972 heredi
1061 914 1188 990 ejusden
1207 913 1373 971 Elisabcthe
1386 920 1436 970 sut

225 1011 310 1070 elicii
322 1010 420 1068 heredi
433 1010 520 1087 ipsius
539 1010 658 1067 Henrici
672 1009 706 1067 de
720 1029 837 1087 corpore
852 1031 903 1069 suo
920 1020 1046 1079 exeunte,
1060 1029 1110 1068 seu
1134 1029 1186 1088 pro
1203 1008 1316 1067 defectu
1335 1006 1435 1085 hujus·

227 1108 304 1166 modi
315 1108 417 1175 exitus,
440 1115 552 1163 mortuo
572 1108 632 1183 ipso
653 1107 788 1176 Henrico,
807 1108 951 1166 Willelmo
973 1107 1032 1165 filio
1051 1108 1156 1185 juniori
1176 1106 1336 1165 eorumdem
1350 1106 1434 1163 Vice-

228 1205 339 1263 comitis
362 1211 392 1261 et
412 1203 578 1261 Elisabethe
601 1211 631 1260 et
650 1204 733 1261 fratri
757 1205 883 1281 ejusdem
908 1204 1025 1262 Henrici
1048 1213 1097 1262 aut
1120 1204 1203 1262 alicui
1225 1201 1322 1261 heredi
1346 1203 1434 1279 ipsius

228 1301 364 1359 Willelmi
387 1300 438 1358 lilii
461 1300 496 1357 de
518 1319 634 1377 corpore
657 1320 708 1358 suo
731 1311 859 1369 exeunte,
877 1303 923 1359 vel
944 1322 995 1379 pro
1019 1302 1131 1359 defectu
1152 1301 1313 1377 hujusmodi
1333 1302 1433 1369 exitus,

226 1400 345 1457 mortuis
360 1400 429 1475 ipsis
445 1398 571 1456 Henrico
589 1407 618 1455 et
633 1398 786 1466 Willelmo,
801 1399 931 1458 Johanne
950 1400 1007 1457 filie
1027 1400 1190 1457 eorumdem
1208 1400 1388 1457 vicecomitis
1406 1408 1435 1458 et

229 1494 393 1554 Elisabethe
406 1514 440 1552 ac
454 1495 543 1552 sorori
558 1513 655 1552 eorum
667 1494 784 1551 Heurici
795 1501 824 1551 et
839 1494 975 1552 Willclmi
984 1495 1117 1565 filiorum,
1132 1514 1182 1570 per
1195 1509 1224 1551 et
1237 1504 1301 1571 post
1314 1504 1434 1555 mortem

227 1592 417 1670 predictorum
434 1591 567 1649 Willelmi
584 1591 703 1667 Phelipp
716 1599 745 1647 et
760 1590 925 1648 Elisabethe
939 1611 972 1648 ac
986 1591 1125 1657 Johanne,
1140 1610 1229 1667 nuper
1242 1593 1337 1649 uxoris
1347 1593 1434 1669 ipsius

228 1689 364 1748 Willelmi
390 1688 508 1766 Phelipp
522 1689 614 1746 adhuc
635 1689 802 1766 superstitis,
828 1708 878 1746 scu
898 1690 982 1746 Auno
998 1689 1093 1744 uxoris
1114 1688 1268 1764 Reginaldi
1290 1689 1434 1747 Cobebam

227 1786 333 1854 militis,
354 1785 481 1843 similiter
493 1786 585 1844 adbuc
599 1787 765 1863 superstitis,
779 1785 825 1843 vel
839 1786 958 1862 alicujus
974 1805 1081 1852 eorum,
1096 1805 1145 1842 seu
1164 1793 1256 1862 peret
1276 1795 1340 1861 post
1359 1804 1435 1843 mor·

228 1892 286 1941 tem
306 1883 426 1959 alicujus
445 1882 568 1951 alterius,
582 1883 611 1938 iu
635 1882 718 1939 feodo
739 1882 858 1958 simplici
879 1901 929 1939 seu
950 1881 1033 1939 feodo
1060 1883 1303 1958 qualitercumque
1326 1881 1435 1940 talliatc

230 1979 406 2049 descendere,
420 1981 522 2037 reverti
533 1999 583 2036 seu
592 1998 735 2037 remanere
743 1980 866 2055 poterint
876 1980 921 2037 vel
932 1981 1071 2037 debebunt
1079 1989 1128 2037 aut
1138 1979 1172 2037 de
1185 1979 1307 2056 presenti
1317 1988 1436 2056 possunt

228 2076 274 2134 vel
287 2077 397 2143 debent,
418 2075 500 2132 simul
520 2095 584 2132 cum
603 2075 711 2143 wardia,
731 2078 893 2153 maritagiis,
915 2077 1033 2148 releviis,
1054 2078 1181 2144 escaetis,
1199 2077 1386 2135 forisfacturis
1404 2086 1435 2136 et

229 2174 358 2232 omm'bus
378 2173 440 2230 aliis
455 2172 598 2249 proficuis,
613 2172 857 2231 commoditatibus
878 2186 906 2231 et
926 2174 1120 2232 emolumentis
1134 2174 1357 2250 quibuscumque
1370 2192 1433 2250 pra·

227 2271 313 2329 missa
326 2291 376 2328 seu
389 2271 471 2328 alicui
491 2272 688 2347 premissorum
711 2272 911 2346 pertinentibus
929 2271 987 2328 sive
1012 2271 1210 2347 spectantibus,
1224 2280 1252 2328 et
1265 2289 1320 2345 quc
1333 2271 1369 2327 ad
1382 2288 1435 2327 nos

228 2367 273 2424 vel
295 2367 415 2424 heredes
437 2377 549 2424 nostros
573 2368 679 2424 ratione
703 2368 817 2424 minoris
840 2369 921 2424 etatis
946 2367 1064 2443 alicujus
1093 2367 1280 2444 predictorum
1305 2367 1433 2435 Heurici,

229 2462 363 2521 Willelmi
384 2464 504 2521 filiorum
524 2473 553 2521 et
573 2463 703 2522 Johanne
723 2464 780 2520 filie
800 2473 849 2521 aut
869 2464 987 2540 alicujus
1008 2464 1120 2521 heredis
1140 2463 1259 2539 alicujus
1272 2463 1433 2521 eorumdem

228 2558 356 2625 Henrici,
371 2560 507 2617 Willelmi
530 2560 652 2617 tiliorum
672 2568 701 2617 et
721 2558 854 2618 Johanne
873 2559 930 2616 filie
951 2560 1092 2635 pertinent
1112 2578 1161 2615 seu
1181 2567 1312 2636 poterunt
1332 2561 1432 2634 quovis

227 2655 320 2725 modo,
335 2656 412 2713 salvo
427 2675 534 2732 semper
549 2654 629 2711 nobis
643 2664 671 2711 et
687 2653 836 2711 heredibus
854 2656 958 2712 nostris
972 2656 1047 2712 omni
1067 2675 1101 2712 co
1115 2656 1190 2732 quod
1211 2656 1246 2713 ad
1260 2675 1312 2713 nos
1326 2656 1370 2714 vel
1384 2657 1434 2715 he·

229 2752 308 2812 redes
322 2761 435 2810 nostros
453 2753 590 2829 pertinere
608 2751 710 2826 poterit
724 2751 758 2808 de
771 2750 925 2809 hereditate
939 2752 1008 2809 dicti
1023 2751 1201 2810 Vicecomitis
1220 2752 1255 2809 de
1277 2754 1436 2812 Beaumont

228 2858 421 2926 postmortem
435 2849 560 2925 ejusdcm
576 2848 754 2906 Vicecomitis
768 2849 876 2906 ratione
890 2848 1005 2906 minoris
1020 2850 1101 2906 etatis
1112 2850 1231 2927 alicujus
1245 2850 1435 2927 predictorum

229 2947 355 3014 Henrioi,
370 2946 505 3004 Willelmi
526 2947 646 3003 filiorum
661 2956 689 3004 et
702 2947 833 3006 Johanne
847 2947 903 3004 filie
917 2956 966 3004 aut
979 2948 1098 3024 alicujus
1116 2948 1227 3005 heredis
1248 2949 1367 3026 alicujus
1387 2970 1435 3008 eo·

228 3045 363 3113 rumdem,
385 3044 553 3102 Habendam
574 3053 604 3102 et
623 3044 772 3102 tenendam
797 3045 952 3103 custodiam
975 3045 1053 3103 illam
1073 3066 1091 3104 a
1111 3055 1235 3124 tempore
1255 3068 1311 3124 quo
1333 3058 1433 3119 castra,

227 3144 359 3212 maneria,
374 3143 496 3200 dominia
508 3151 537 3200 ct
551 3151 644 3200 cetera
658 3145 795 3220 premissa
809 3162 858 3199 seu
871 3143 965 3218 aliqua
979 3144 1099 3220 parcella
1109 3145 1271 3202 eorumdem
1284 3146 1321 3203 ad
1334 3166 1435 3206 manus

229 3249 338 3299 nostras
352 3242 396 3299 vel
410 3242 544 3299 heredum
559 3250 720 3298 nostrorum
734 3259 767 3296 ex
781 3240 876 3315 aliqua
896 3260 981 3297 causa
1004 3241 1162 3317 supradicta
1183 3243 1313 3300 devenire
1327 3246 1435 3302 contin·

228 3348 296 3415 gant
315 3360 364 3397 seu
381 3341 533 3415 contingat,
548 3357 695 3414 quousque
715 3338 816 3412 aliquis
839 3336 920 3394 heres
939 3337 1062 3412 predicte
1082 3338 1246 3396 Elisabethe
1267 3340 1302 3396 ad
1324 3342 1435 3416 plenam

227 3445 330 3495 etatem
344 3457 423 3494 snam
444 3436 602 3512 pervenerit
622 3436 727 3510 absque
746 3434 841 3508 aliquo
862 3435 942 3491 nobis
957 3435 1000 3490 vel
1014 3433 1163 3492 heredibus
1178 3436 1280 3492 uostris
1294 3436 1357 3494 iude
1371 3439 1435 3495 red·

228 3532 328 3601 dendo,
350 3553 383 3589 co
397 3533 473 3607 quod
489 3551 620 3608 expressa
634 3532 739 3587 mentio
753 3530 787 3586 de
806 3530 889 3586 dictis
912 3531 1019 3599 castris,
1038 3531 1178 3599 maneriis,
1196 3531 1335 3600 dominiis,
1348 3533 1433 3602 villis,

226 3629 318 3695 terris,
341 3628 516 3695 tenementis,
539 3626 701 3694 redditibus,
730 3626 863 3692 serviciis,
884 3626 974 3683 leodis
996 3626 1126 3695 militum,
1150 3627 1380 3686 advocationibus
1404 3637 1435 3687 et

227 3725 327 3784 ceteris
348 3723 488 3801 premissis
503 3744 535 3781 ac
554 3722 589 3779 de
601 3741 667 3778 vero
682 3722 777 3779 valore
797 3722 969 3791 eorumdem,
983 3741 1092 3780 necnon
1107 3723 1141 3781 de
1154 3723 1215 3780 aliis
1230 3723 1310 3781 donis
1324 3734 1352 3782 et
1366 3745 1433 3784 con·

227 3822 399 3881 cessionibus
413 3819 502 3877 eidem
517 3819 674 3877 vicecomiti
690 3837 740 3895 per
753 3837 805 3875 uos
818 3825 883 3875 ante
903 3817 955 3876 bec
967 3829 1095 3895 tempora
1108 3818 1201 3887 lactis,
1216 3819 1244 3876 iu
1259 3823 1434 3897 presentibus

228 3919 304 3977 facta
318 3938 374 3977 non
389 3917 491 3987 existit,
506 3912 711 3974 nonobstante.
754 3914 788 3971 ln
802 3913 883 3988 eujus
898 3916 948 3985 rei,
963 3920 1014 3974 &c-
1056 3915 1142 3974 Teste
1159 3915 1239 3994 Rege
1255 3919 1330 3996 apud
1338 3921 1435 3980 Wcst-
