3540 4830
459 469 715 516 vrcscourruu
744 468 1028 516 concomitans.
1254 454 1313 514 155

167 618 345 684 minatione
361 642 419 684 sua
433 620 539 705 ipsum
555 644 621 686 non
646 621 760 687 habuit
782 643 841 706 pro
856 620 1035 687 sufficiente
1049 620 1201 697 litterato,
1217 620 1313 704 resig-

167 721 257 784 navit
271 721 461 787 electionem
476 746 590 803 suam3
612 724 698 789 unde
714 723 876 789 Dominus
893 724 981 808 Papa
994 724 1134 788 contulit
1147 723 1235 787 illam
1246 723 1315 807 dig·

167 823 302 887 nitatem
325 825 453 890 cuidam
479 827 567 891 fratri
598 826 802 912 predicatori,
822 825 879 911 qui
904 826 968 890 fuit
994 826 1085 891 Prior
1110 825 1316 911 provincialis

168 925 269 988 totius
284 926 406 990 ordinis
422 928 471 991 sui
486 928 520 991 in
535 928 662 1013 Anglia,
675 927 812 992 Soochis
826 938 860 992 et
873 927 989 1007 Walis,
1005 927 1137 993 nomine
1153 926 1316 992 Robertus

170 1025 209 1091 de
226 1027 453 1115 Killewareby.

214 1130 341 1209 Postea,
354 1131 389 1195 in
404 1132 488 1196 festo
504 1131 614 1197 Sancti
629 1132 796 1196 Edmundi
821 1132 1077 1219 Archiepiscopi,
1093 1131 1261 1198 Gilbertus
1276 1132 1317 1196 de
1331 1147 1366 1195 De
1376 1146 1517 1206 munnae

171 1231 275 1311 Clare,
288 1232 408 1298 Comes
424 1233 611 1315 Glovernic,
622 1235 755 1300 veniens
770 1234 857 1318 apud
867 1235 1194 1301 westmonasterium
1209 1256 1317 1299 coram
1331 1211 1524 1340 &uffa

171 1336 315 1401 Domino
346 1339 445 1422 Rege,
481 1338 647 1403 laborante
676 1339 710 1402 in
734 1336 899 1416 extremis,
935 1348 1137 1402 sacramento
1167 1338 1317 1422 prestito,

169 1438 319 1522 promisit
333 1440 421 1524 quod
437 1440 506 1525 ipse
521 1461 634 1524 pacem
654 1440 743 1525 regni
764 1439 881 1524 Anglie
895 1451 1112 1517 conservaret,
1126 1452 1161 1504 et
1175 1462 1234 1524 pro
1248 1449 1319 1503 toto

171 1562 267 1623 posse
283 1563 342 1605 suo
359 1543 477 1606 laceret
492 1541 674 1620 observare,
689 1551 723 1605 et
737 1541 818 1605 illud
832 1562 968 1626 regnum
983 1541 1161 1605 custodiret
1174 1541 1216 1604 ad
1235 1563 1319 1625 opus

172 1643 306 1706 Domini
323 1642 483 1707 Edwardi.
529 1644 657 1723 Postea,
668 1643 782 1708 eodem
795 1642 858 1720 die,
874 1643 957 1720 serit,
969 1643 1040 1706 Rex
1055 1642 1146 1722 obiit,
1161 1665 1236 1706 cum
1250 1664 1320 1726 reg·

171 1751 302 1823 nasset!
312 1767 369 1828 per
383 1745 427 1829 lvj
444 1766 547 1809 annos
562 1746 718 1830 integros,
733 1755 767 1809 et
778 1767 821 1808 xx
837 1745 906 1808 dies
921 1756 955 1810 ct
969 1745 1117 1829 sepultus
1132 1745 1225 1809 estin
1236 1745 1320 1809 festo
1326 1762 1366 1822 so.
1380 1760 1427 1808 13⁶
1439 1767 1471 1805 ιο.

170 1846 280 1911 Sancti
295 1846 461 1910 Edmundi
478 1847 587 1932 Regis,
602 1848 686 1910 sicut
702 1846 888 1911 continetur
901 1846 936 1910 in
952 1847 1029 1910 lolio
1045 1846 1242 1930 precedenti.

215 1949 363 2014 Secunda
378 1950 430 2013 die
444 1961 521 2033 post
541 1949 661 2014 festum
677 1948 788 2013 Sancti
803 1949 970 2013 Edmundi
985 1949 1241 2034 Archiepiscopi,
1255 1949 1321 2013 lac-

169 2063 223 2116 tus
238 2063 289 2117 est
305 2053 412 2116 Maior
427 2052 592 2116 Walterus
610 2051 753 2137 Herery,
769 2053 854 2116 sicut
868 2053 1055 2117 continetur
1070 2052 1103 2116 in
1118 2053 1197 2116 lolio
1213 2074 1321 2138 prece·

170 2155 259 2220 denti
272 2176 447 2234 convers03
463 2154 520 2218 sed
536 2154 644 2218 statim
660 2176 726 2218 non
739 2166 956 2238 presentatus,
970 2156 1046 2240 quia
1061 2167 1234 2240 postquam
1251 2157 1322 2220 Rex

170 2258 253 2323 obiit
267 2258 348 2322 nulli
363 2259 507 2322 Berones
518 2256 650 2320 suerunt
664 2256 706 2319 ad
720 2256 923 2321 Scaccarium
939 2257 1096 2341 usquead
1112 2257 1199 2321 diem
1215 2257 1317 2321 illum.

215 2363 343 2440 Postea,
368 2361 402 2423 in
428 2358 545 2444 Vigilia
559 2357 670 2423 Sancti
692 2358 833 2438 Andree,
856 2359 1019 2443 prenotati
1041 2359 1256 2424 vicecomites
1282 2357 1322 2424 de

171 2485 258 2528 novo
273 2464 404 2527 fuerunt
419 2461 595 2546 presentati
610 2461 651 2524 ad
666 2461 861 2540 scacarium
877 2460 1060 2526 Beronibus
1075 2461 1194 2527 ibidem
1207 2462 1323 2528 seden-

171 2567 270 2641 tibus,
288 2565 349 2629 sub
360 2565 492 2629 nomine
508 2563 643 2628 Domini
658 2562 818 2629 Edwardi.

171 2669 416 2749 'I'ranscriptum
438 2668 535 2752 primi
565 2667 672 2731 brevis
694 2667 782 2751 quod
804 2667 906 2732 exivit
926 2689 946 2731 a
968 2666 1166 2733 cancellaria
1188 2667 1323 2733 Domini

452 2768 614 2848 Edwardi‚
630 2780 706 2854 post
721 2769 847 2834 obitum
860 2770 960 2855 patris
976 2769 1037 2834 sui.

215 2875 395 2939 Edwardus
408 2874 471 2939 Dei
482 2874 594 2959 gratia,
611 2874 681 2937 Rea
692 2873 819 2957 Anglie,
833 2873 996 2938 Dominus
1011 2872 1190 2958 Hyberuie,
1199 2883 1233 2938 et
1244 2873 1321 2938 Dux

171 2980 380 3066 Aquitannie,
395 2978 587 3043 Vicecomiti
603 2977 780 3056 Nortffolk,
795 2978 944 3042 salutem.
961 2975 1059 3056 Cum,
1075 2976 1229 3042 defuncta
1252 2976 1321 3061 jam

171 3083 305 3148 celebris
321 3082 475 3148 memorie
501 3081 646 3146 Domino
670 3081 814 3145 chrioo
831 3081 930 3166 Rege,
955 3091 1046 3165 patre
1062 3091 1187 3161 nostro,
1201 3080 1243 3143 sd
1259 3102 1321 3144 uos

168 3186 258 3269 regni
272 3185 525 3269 gubernaculum
540 3183 743 3248 successione
757 3183 960 3262 hereditaria,
970 3204 1007 3246 ac
1018 3203 1189 3266 procerum
1204 3182 1320 3265 rengni

169 3287 347 3362 voluntate,
366 3293 399 3348 et
424 3283 578 3348 fidelitate
595 3282 690 3347 nobis
706 3284 852 3366 prestita,
868 3284 912 3347 sit
926 3282 1137 3361 devolutum3
1159 3302 1217 3366 per
1230 3282 1320 3366 quod

170 3388 302 3453 nomine
317 3397 430 3450 nostro
445 3385 512 3469 qui,
538 3385 571 3447 in
587 3384 763 3448 exibitione
777 3384 915 3469 justitie,
930 3394 964 3448 et
977 3383 1067 3468 pacis
1081 3383 1318 3462 observatione,

170 3489 321 3559 omnibus
346 3499 381 3552 et
403 3486 538 3571 singulis
563 3487 604 3551 de
628 3487 700 3570 ipso
726 3507 826 3572 regno
847 3487 967 3551 scimus
992 3508 1033 3551 cx
1049 3507 1137 3550 nunc
1151 3485 1316 3550 debitores

168 3617 280 3684 pacem
296 3602 440 3656 nostram
455 3590 533 3655 dicti
548 3600 713 3675 magnates
728 3600 762 3654 et
776 3589 887 3654 fideles
908 3589 1011 3653 nostri
1030 3589 1173 3654 fecerant
1193 3589 1318 3675 procla-

170 3697 272 3774 mari;
294 3693 353 3758 tibi
369 3692 575 3778 precipimus,
589 3692 678 3776 quod
694 3713 751 3776 per
769 3702 872 3755 totam
886 3690 1037 3756 ballivam
1052 3701 1143 3755 tuam
1158 3692 1192 3756 in
1207 3692 1318 3775 singu·

168 3803 208 3867 lis
225 3795 419 3865 Civitatibus
446 3805 479 3859 et
504 3795 625 3877 burgis,
644 3794 742 3871 seriis,
768 3794 929 3873 mercatis,
951 3803 985 3858 at
1008 3793 1087 3859 locis
1110 3794 1180 3858 aliis
1204 3816 1317 3879 pacem

169 3915 313 3971 nostram
329 3898 457 3986 publice
472 3898 663 3984 proclamari
678 3907 712 3962 et
734 3896 869 3962 tirmiter
883 3897 986 3962 teneri
1001 3897 1117 3978 facias,
1140 3897 1317 3964 inhibendo
