<?xml version="1.0" encoding="UTF-8"?>
<!DOCTYPE html PUBLIC "-//W3C//DTD XHTML 1.0 Transitional//EN"
    "http://www.w3.org/TR/xhtml1/DTD/xhtml1-transitional.dtd">
<html xmlns="http://www.w3.org/1999/xhtml" xml:lang="en" lang="en">
 <head>
  <title>
</title>
<meta http-equiv="Content-Type" content="text/html;charset=utf-8" />
  <meta name='ocr-system' content='tesseract 3.04.00' />
  <meta name='ocr-capabilities' content='ocr_page ocr_carea ocr_par ocr_line ocrx_word'/>
</head>
<body>
  <div class='ocr_page' id='page_1' title='image "./deantiquislegib01fitzgoog_0302.png"; bbox 0 0 3540 4830; ppageno 0'>
   <div class='ocr_carea' id='block_1_1' title="bbox 485 477 1345 534">
    <p class='ocr_par' dir='ltr' id='par_1_1' title="bbox 485 477 1345 534">
     <span class='ocr_line' id='line_1_1' title="bbox 485 477 1345 534; baseline 0.005 -4"><span class='ocrx_word' id='word_1_1' title='bbox 485 487 740 532; x_wconf 79' lang='lat' dir='ltr'><strong>vrcscomruu</strong></span> <span class='ocrx_word' id='word_1_2' title='bbox 767 487 1055 533; x_wconf 76' lang='lat' dir='ltr'><strong>connonrason.</strong></span> <span class='ocrx_word' id='word_1_3' title='bbox 1303 477 1345 534; x_wconf 77' lang='lat'><strong>29</strong></span> 
     </span>
    </p>
   </div>
   <div class='ocr_carea' id='block_1_2' title="bbox 190 637 1564 3085">
    <p class='ocr_par' dir='ltr' id='par_1_2' title="bbox 192 637 1345 826">
     <span class='ocr_line' id='line_1_2' title="bbox 193 637 1345 724; baseline 0 -20"><span class='ocrx_word' id='word_1_4' title='bbox 193 639 289 704; x_wconf 88' lang='lat' dir='ltr'><strong>nobis</strong></span> <span class='ocrx_word' id='word_1_5' title='bbox 314 638 461 722; x_wconf 87' lang='lat' dir='ltr'><strong>potentia</strong></span> <span class='ocrx_word' id='word_1_6' title='bbox 478 637 691 704; x_wconf 79' lang='lat' dir='ltr'><strong>formidanda.</strong></span> <span class='ocrx_word' id='word_1_7' title='bbox 747 639 834 704; x_wconf 86' lang='lat' dir='ltr'><strong>Data</strong></span> <span class='ocrx_word' id='word_1_8' title='bbox 848 637 1054 724; x_wconf 77' lang='lat' dir='ltr'><strong>Aquisgreno</strong></span> <span class='ocrx_word' id='word_1_9' title='bbox 1071 638 1161 724; x_wconf 83' lang='lat' dir='ltr'><strong>xviij.</strong></span> <span class='ocrx_word' id='word_1_10' title='bbox 1176 638 1228 705; x_wconf 86' lang='lat' dir='ltr'><strong>die</strong></span> <span class='ocrx_word' id='word_1_11' title='bbox 1251 639 1345 722; x_wconf 86' lang='lat' dir='ltr'><strong>Maii,</strong></span> 
     </span>
     <span class='ocr_line' id='line_1_3' title="bbox 192 740 633 826; baseline -0.007 -20"><span class='ocrx_word' id='word_1_12' title='bbox 192 763 278 806; x_wconf 91' lang='lat' dir='ltr'><strong>anno</strong></span> <span class='ocrx_word' id='word_1_13' title='bbox 292 741 383 826; x_wconf 84' lang='lat' dir='ltr'><strong>regni</strong></span> <span class='ocrx_word' id='word_1_14' title='bbox 398 740 502 804; x_wconf 82' lang='lat' dir='ltr'>nostri</span> <span class='ocrx_word' id='word_1_15' title='bbox 517 741 633 825; x_wconf 91' lang='lat' dir='ltr'><strong>primo.</strong></span> 
     </span>
    </p>

    <p class='ocr_par' dir='ltr' id='par_1_3' title="bbox 191 842 1346 1951">
     <span class='ocr_line' id='line_1_4' title="bbox 238 842 1345 910; baseline 0.003 -3"><span class='ocrx_word' id='word_1_16' title='bbox 238 843 313 907; x_wconf 91' lang='lat' dir='ltr'><strong>Hoc</strong></span> <span class='ocrx_word' id='word_1_17' title='bbox 326 864 413 906; x_wconf 88' lang='lat' dir='ltr'><strong>anno</strong></span> <span class='ocrx_word' id='word_1_18' title='bbox 427 842 511 906; x_wconf 91' lang='lat' dir='ltr'><strong>circa</strong></span> <span class='ocrx_word' id='word_1_19' title='bbox 532 842 653 906; x_wconf 82' lang='lat' dir='ltr'><strong>festum</strong></span> <span class='ocrx_word' id='word_1_20' title='bbox 669 842 780 907; x_wconf 81' lang='lat' dir='ltr'>Sancti</span> <span class='ocrx_word' id='word_1_21' title='bbox 796 842 883 908; x_wconf 89' lang='lat' dir='ltr'><strong>Petri</strong></span> <span class='ocrx_word' id='word_1_22' title='bbox 898 842 940 907; x_wconf 89' lang='lat' dir='ltr'><strong>ad</strong></span> <span class='ocrx_word' id='word_1_23' title='bbox 954 843 1094 909; x_wconf 86' lang='lat' dir='ltr'><strong>Vinculs</strong></span> <span class='ocrx_word' id='word_1_24' title='bbox 1107 842 1259 909; x_wconf 64' lang='lat' dir='ltr'><strong>militavit</strong></span> <span class='ocrx_word' id='word_1_25' title='bbox 1273 845 1345 910; x_wconf 83' lang='lat' dir='ltr'><strong>Rex</strong></span> 
     </span>
     <span class='ocr_line' id='line_1_5' title="bbox 192 943 1345 1030; baseline 0.001 -21"><span class='ocrx_word' id='word_1_26' title='bbox 192 946 309 1030; x_wconf 76' lang='lat' dir='ltr'><strong>Anglie</strong></span> <span class='ocrx_word' id='word_1_27' title='bbox 331 966 405 1009; x_wconf 91' lang='lat' dir='ltr'><strong>cum</strong></span> <span class='ocrx_word' id='word_1_28' title='bbox 422 966 537 1028; x_wconf 83' lang='lat' dir='ltr'><strong>magno</strong></span> <span class='ocrx_word' id='word_1_29' title='bbox 557 943 700 1008; x_wconf 84' lang='lat' dir='ltr'><strong>exercitu</strong></span> <span class='ocrx_word' id='word_1_30' title='bbox 726 967 823 1029; x_wconf 85' lang='lat' dir='ltr'><strong>super</strong></span> <span class='ocrx_word' id='word_1_31' title='bbox 845 945 1058 1011; x_wconf 78' lang='lat' dir='ltr'><strong>lewellinum</strong></span> <span class='ocrx_word' id='word_1_32' title='bbox 1081 945 1186 1010; x_wconf 89' lang='lat' dir='ltr'><strong>filium</strong></span> <span class='ocrx_word' id='word_1_33' title='bbox 1204 946 1345 1025; x_wconf 86' lang='lat' dir='ltr'><strong>Griffini,</strong></span> 
     </span>
     <span class='ocr_line' id='line_1_6' title="bbox 194 1046 1345 1134; baseline 0 -22"><span class='ocrx_word' id='word_1_34' title='bbox 194 1047 376 1133; x_wconf 86' lang='lat' dir='ltr'><strong>Principem</strong></span> <span class='ocrx_word' id='word_1_35' title='bbox 393 1047 520 1125; x_wconf 90' lang='lat' dir='ltr'><strong>Wallie‚</strong></span> <span class='ocrx_word' id='word_1_36' title='bbox 535 1056 569 1110; x_wconf 90' lang='lat' dir='ltr'><strong>et</strong></span> <span class='ocrx_word' id='word_1_37' title='bbox 583 1068 682 1130; x_wconf 88' lang='lat' dir='ltr'><strong>super</strong></span> <span class='ocrx_word' id='word_1_38' title='bbox 696 1046 776 1111; x_wconf 93' lang='lat' dir='ltr'><strong>alios</strong></span> <span class='ocrx_word' id='word_1_39' title='bbox 792 1047 986 1127; x_wconf 77' lang='lat' dir='ltr'>wallenses,</span> <span class='ocrx_word' id='word_1_40' title='bbox 1001 1048 1056 1134; x_wconf 89' lang='lat' dir='ltr'><strong>qui</strong></span> <span class='ocrx_word' id='word_1_41' title='bbox 1071 1058 1295 1134; x_wconf 88' lang='lat' dir='ltr'><strong>opposuerunt</strong></span> <span class='ocrx_word' id='word_1_42' title='bbox 1310 1069 1345 1112; x_wconf 85' lang='lat' dir='ltr'><strong>se</strong></span> 
     </span>
     <span class='ocr_line' id='line_1_7' title="bbox 192 1149 1346 1236; baseline 0 -20"><span class='ocrx_word' id='word_1_43' title='bbox 192 1161 306 1217; x_wconf 93' lang='lat' dir='ltr'><strong>contra</strong></span> <span class='ocrx_word' id='word_1_44' title='bbox 318 1153 451 1236; x_wconf 82' lang='lat' dir='ltr'><strong>Regem,</strong></span> <span class='ocrx_word' id='word_1_45' title='bbox 466 1172 505 1214; x_wconf 90' lang='lat' dir='ltr'><strong>eo</strong></span> <span class='ocrx_word' id='word_1_46' title='bbox 521 1149 610 1235; x_wconf 93' lang='lat' dir='ltr'><strong>quod</strong></span> <span class='ocrx_word' id='word_1_47' title='bbox 636 1149 802 1213; x_wconf 78' lang='lat' dir='ltr'>Dominus</span> <span class='ocrx_word' id='word_1_48' title='bbox 828 1149 1008 1215; x_wconf 80' lang='lat' dir='ltr'><strong>Edwardus</strong></span> <span class='ocrx_word' id='word_1_49' title='bbox 1022 1150 1111 1216; x_wconf 84' lang='lat' dir='ltr'><strong>filius</strong></span> <span class='ocrx_word' id='word_1_50' title='bbox 1128 1151 1226 1236; x_wconf 82' lang='lat' dir='ltr'><strong>Regis</strong></span> <span class='ocrx_word' id='word_1_51' title='bbox 1240 1151 1346 1217; x_wconf 90' lang='lat' dir='ltr'><strong>noluit</strong></span> 
     </span>
     <span class='ocr_line' id='line_1_8' title="bbox 191 1250 1345 1320; baseline -0.001 -1"><span class='ocrx_word' id='word_1_52' title='bbox 191 1254 265 1319; x_wconf 91' lang='lat' dir='ltr'><strong>illos</strong></span> <span class='ocrx_word' id='word_1_53' title='bbox 279 1264 416 1319; x_wconf 80' lang='lat' dir='ltr'><strong>tractare</strong></span> <span class='ocrx_word' id='word_1_54' title='bbox 431 1252 610 1317; x_wconf 88' lang='lat' dir='ltr'><strong>secundum</strong></span> <span class='ocrx_word' id='word_1_55' title='bbox 626 1250 880 1317; x_wconf 89' lang='lat' dir='ltr'><strong>consuetudines</strong></span> <span class='ocrx_word' id='word_1_56' title='bbox 895 1273 1018 1317; x_wconf 86' lang='lat' dir='ltr'><strong>eorum.</strong></span> <span class='ocrx_word' id='word_1_57' title='bbox 1042 1253 1109 1320; x_wconf 79' lang='lat' dir='ltr'><strong>Qui</strong></span> <span class='ocrx_word' id='word_1_58' title='bbox 1120 1254 1255 1318; x_wconf 85' lang='lat' dir='ltr'><strong>veniens</strong></span> <span class='ocrx_word' id='word_1_59' title='bbox 1269 1275 1345 1318; x_wconf 90' lang='lat' dir='ltr'><strong>cum</strong></span> 
     </span>
     <span class='ocr_line' id='line_1_9' title="bbox 191 1353 1345 1441; baseline 0 -20"><span class='ocrx_word' id='word_1_60' title='bbox 191 1357 334 1421; x_wconf 81' lang='lat' dir='ltr'><strong>exercitu</strong></span> <span class='ocrx_word' id='word_1_61' title='bbox 350 1379 410 1421; x_wconf 89' lang='lat' dir='ltr'><strong>suo</strong></span> <span class='ocrx_word' id='word_1_62' title='bbox 425 1377 529 1441; x_wconf 88' lang='lat' dir='ltr'><strong>usque</strong></span> <span class='ocrx_word' id='word_1_63' title='bbox 544 1355 585 1419; x_wconf 92' lang='lat' dir='ltr'><strong>ad</strong></span> <span class='ocrx_word' id='word_1_64' title='bbox 605 1364 748 1419; x_wconf 77' lang='lat' dir='ltr'><strong>castrum</strong></span> <span class='ocrx_word' id='word_1_65' title='bbox 763 1353 852 1438; x_wconf 91' lang='lat' dir='ltr'><strong>quod</strong></span> <span class='ocrx_word' id='word_1_66' title='bbox 865 1365 1000 1419; x_wconf 88' lang='lat' dir='ltr'><strong>vocatur</strong></span> <span class='ocrx_word' id='word_1_67' title='bbox 1021 1354 1197 1435; x_wconf 76' lang='lat' dir='ltr'><strong>Ghennola,</strong></span> <span class='ocrx_word' id='word_1_68' title='bbox 1221 1377 1345 1421; x_wconf 79' lang='lat' dir='ltr'><strong>morem</strong></span> 
     </span>
     <span class='ocr_line' id='line_1_10' title="bbox 192 1454 1345 1542; baseline 0.002 -22"><span class='ocrx_word' id='word_1_69' title='bbox 192 1458 268 1522; x_wconf 85' lang='lat' dir='ltr'><strong>fecit</strong></span> <span class='ocrx_word' id='word_1_70' title='bbox 282 1457 327 1521; x_wconf 91' lang='lat' dir='ltr'><strong>ibi</strong></span> <span class='ocrx_word' id='word_1_71' title='bbox 342 1478 445 1541; x_wconf 87' lang='lat' dir='ltr'><strong>usque</strong></span> <span class='ocrx_word' id='word_1_72' title='bbox 467 1457 508 1520; x_wconf 90' lang='lat' dir='ltr'><strong>ad</strong></span> <span class='ocrx_word' id='word_1_73' title='bbox 532 1456 746 1520; x_wconf 72' lang='lat' dir='ltr'><strong>Nativitatem</strong></span> <span class='ocrx_word' id='word_1_74' title='bbox 762 1454 855 1519; x_wconf 82' lang='lat' dir='ltr'><strong>beate</strong></span> <span class='ocrx_word' id='word_1_75' title='bbox 874 1455 990 1535; x_wconf 79' lang='lat' dir='ltr'><strong>Maris,</strong></span> <span class='ocrx_word' id='word_1_76' title='bbox 1005 1467 1181 1542; x_wconf 82' lang='lat' dir='ltr'><strong>expectans</strong></span> <span class='ocrx_word' id='word_1_77' title='bbox 1195 1457 1345 1523; x_wconf 80' lang='lat' dir='ltr'><strong>homines</strong></span> 
     </span>
     <span class='ocr_line' id='line_1_11' title="bbox 192 1558 1345 1644; baseline 0.001 -20"><span class='ocrx_word' id='word_1_78' title='bbox 192 1582 269 1624; x_wconf 86' lang='lat' dir='ltr'><strong>suos</strong></span> <span class='ocrx_word' id='word_1_79' title='bbox 292 1561 332 1625; x_wconf 92' lang='lat' dir='ltr'><strong>de</strong></span> <span class='ocrx_word' id='word_1_80' title='bbox 358 1559 526 1637; x_wconf 84' lang='lat' dir='ltr'><strong>Hibernia,</strong></span> <span class='ocrx_word' id='word_1_81' title='bbox 542 1580 623 1642; x_wconf 89' lang='lat' dir='ltr'><strong>quos</strong></span> <span class='ocrx_word' id='word_1_82' title='bbox 646 1558 875 1636; x_wconf 83' lang='lat' dir='ltr'><strong>mandaverat3</strong></span> <span class='ocrx_word' id='word_1_83' title='bbox 898 1568 932 1623; x_wconf 88' lang='lat' dir='ltr'><strong>et</strong></span> <span class='ocrx_word' id='word_1_84' title='bbox 951 1559 1031 1644; x_wconf 84' lang='lat' dir='ltr'><strong>ipsis</strong></span> <span class='ocrx_word' id='word_1_85' title='bbox 1045 1580 1112 1624; x_wconf 92' lang='lat' dir='ltr'><strong>non</strong></span> <span class='ocrx_word' id='word_1_86' title='bbox 1127 1559 1345 1640; x_wconf 85' lang='lat' dir='ltr'><strong>venientibus,</strong></span> 
     </span>
     <span class='ocr_line' id='line_1_12' title="bbox 192 1660 1345 1747; baseline 0.001 -21"><span class='ocrx_word' id='word_1_87' title='bbox 192 1684 266 1726; x_wconf 91' lang='lat' dir='ltr'><strong>cum</strong></span> <span class='ocrx_word' id='word_1_88' title='bbox 293 1662 457 1726; x_wconf 82' lang='lat' dir='ltr'><strong>Dominus</strong></span> <span class='ocrx_word' id='word_1_89' title='bbox 479 1661 548 1724; x_wconf 87' lang='lat' dir='ltr'><strong>Rex</strong></span> <span class='ocrx_word' id='word_1_90' title='bbox 563 1660 700 1725; x_wconf 86' lang='lat' dir='ltr'><strong>vidisset</strong></span> <span class='ocrx_word' id='word_1_91' title='bbox 714 1662 802 1744; x_wconf 89' lang='lat' dir='ltr'><strong>quod</strong></span> <span class='ocrx_word' id='word_1_92' title='bbox 821 1682 887 1724; x_wconf 92' lang='lat' dir='ltr'><strong>non</strong></span> <span class='ocrx_word' id='word_1_93' title='bbox 903 1660 1012 1744; x_wconf 88' lang='lat' dir='ltr'><strong>potuit</strong></span> <span class='ocrx_word' id='word_1_94' title='bbox 1033 1660 1215 1725; x_wconf 84' lang='lat' dir='ltr'><strong>Wallenses</strong></span> <span class='ocrx_word' id='word_1_95' title='bbox 1235 1662 1345 1747; x_wconf 85' lang='lat' dir='ltr'><strong>oppri-</strong></span> 
     </span>
     <span class='ocr_line' id='line_1_13' title="bbox 191 1762 1345 1848; baseline 0.003 -21"><span class='ocrx_word' id='word_1_96' title='bbox 191 1786 289 1843; x_wconf 90' lang='lat' dir='ltr'><strong>mere,</strong></span> <span class='ocrx_word' id='word_1_97' title='bbox 305 1765 367 1828; x_wconf 91' lang='lat' dir='ltr'><strong>nisi</strong></span> <span class='ocrx_word' id='word_1_98' title='bbox 382 1786 457 1828; x_wconf 90' lang='lat' dir='ltr'><strong>cum</strong></span> <span class='ocrx_word' id='word_1_99' title='bbox 473 1763 682 1828; x_wconf 89' lang='lat' dir='ltr'><strong>multitudine</strong></span> <span class='ocrx_word' id='word_1_100' title='bbox 697 1763 897 1828; x_wconf 81' lang='lat' dir='ltr'><strong>servientum</strong></span> <span class='ocrx_word' id='word_1_101' title='bbox 911 1762 1190 1848; x_wconf 80' lang='lat' dir='ltr'><strong>pedissequorum,</strong></span> <span class='ocrx_word' id='word_1_102' title='bbox 1204 1764 1280 1829; x_wconf 89' lang='lat' dir='ltr'><strong>inde</strong></span> <span class='ocrx_word' id='word_1_103' title='bbox 1295 1786 1345 1830; x_wconf 84' lang='lat' dir='ltr'><strong>re·</strong></span> 
     </span>
     <span class='ocr_line' id='line_1_14' title="bbox 191 1864 892 1951; baseline -0.003 -21"><span class='ocrx_word' id='word_1_104' title='bbox 191 1867 300 1945; x_wconf 85' lang='lat' dir='ltr'><strong>cessit,</strong></span> <span class='ocrx_word' id='word_1_105' title='bbox 315 1866 422 1951; x_wconf 90' lang='lat' dir='ltr'><strong>posita</strong></span> <span class='ocrx_word' id='word_1_106' title='bbox 435 1875 624 1950; x_wconf 81' lang='lat' dir='ltr'><strong>gernestura</strong></span> <span class='ocrx_word' id='word_1_107' title='bbox 634 1864 668 1927; x_wconf 92' lang='lat' dir='ltr'><strong>in</strong></span> <span class='ocrx_word' id='word_1_108' title='bbox 683 1864 798 1929; x_wconf 85' lang='lat' dir='ltr'><strong>castris</strong></span> <span class='ocrx_word' id='word_1_109' title='bbox 813 1864 892 1928; x_wconf 86' lang='lat' dir='ltr'><strong>suis.</strong></span> 
     </span>
    </p>

    <p class='ocr_par' dir='ltr' id='par_1_4' title="bbox 190 1966 1345 2977">
     <span class='ocr_line' id='line_1_15' title="bbox 236 1966 1345 2053; baseline 0.002 -20"><span class='ocrx_word' id='word_1_110' title='bbox 236 1969 311 2033; x_wconf 86' lang='lat' dir='ltr'><strong>Hoc</strong></span> <span class='ocrx_word' id='word_1_111' title='bbox 325 1989 410 2031; x_wconf 82' lang='lat' dir='ltr'><strong>anno</strong></span> <span class='ocrx_word' id='word_1_112' title='bbox 425 1968 508 2032; x_wconf 89' lang='lat' dir='ltr'><strong>circa</strong></span> <span class='ocrx_word' id='word_1_113' title='bbox 530 1968 649 2032; x_wconf 79' lang='lat' dir='ltr'><strong>festum</strong></span> <span class='ocrx_word' id='word_1_114' title='bbox 671 1966 860 2033; x_wconf 73' lang='lat' dir='ltr'><strong>Natiuitatis</strong></span> <span class='ocrx_word' id='word_1_115' title='bbox 884 1968 985 2033; x_wconf 81' lang='lat' dir='ltr'><strong>Beate</strong></span> <span class='ocrx_word' id='word_1_116' title='bbox 1009 1967 1114 2033; x_wconf 85' lang='lat' dir='ltr'><strong>Mario</strong></span> <span class='ocrx_word' id='word_1_117' title='bbox 1128 1990 1192 2053; x_wconf 83' lang='lat' dir='ltr'><strong>pax</strong></span> <span class='ocrx_word' id='word_1_118' title='bbox 1207 1970 1345 2035; x_wconf 76' lang='lat' dir='ltr'><strong>formata</strong></span> 
     </span>
     <span class='ocr_line' id='line_1_16' title="bbox 191 2068 1343 2157; baseline 0.001 -21"><span class='ocrx_word' id='word_1_119' title='bbox 191 2081 241 2137; x_wconf 86' lang='lat' dir='ltr'><strong>est</strong></span> <span class='ocrx_word' id='word_1_120' title='bbox 255 2073 340 2136; x_wconf 85' lang='lat' dir='ltr'><strong>inter</strong></span> <span class='ocrx_word' id='word_1_121' title='bbox 352 2071 449 2135; x_wconf 84' lang='lat' dir='ltr'><strong>Cives</strong></span> <span class='ocrx_word' id='word_1_122' title='bbox 466 2070 710 2135; x_wconf 90' lang='lat' dir='ltr'><strong>Londoniarum</strong></span> <span class='ocrx_word' id='word_1_123' title='bbox 726 2081 760 2134; x_wconf 91' lang='lat' dir='ltr'><strong>et</strong></span> <span class='ocrx_word' id='word_1_124' title='bbox 773 2069 936 2134; x_wconf 83' lang='lat' dir='ltr'><strong>Abbstem</strong></span> <span class='ocrx_word' id='word_1_125' title='bbox 947 2069 989 2135; x_wconf 87' lang='lat' dir='ltr'><strong>dc</strong></span> <span class='ocrx_word' id='word_1_126' title='bbox 1003 2068 1183 2151; x_wconf 90' lang='lat' dir='ltr'><strong>Waltham,</strong></span> <span class='ocrx_word' id='word_1_127' title='bbox 1197 2072 1253 2157; x_wconf 89' lang='lat' dir='ltr'><strong>qui</strong></span> <span class='ocrx_word' id='word_1_128' title='bbox 1267 2082 1343 2137; x_wconf 86' lang='lat' dir='ltr'><strong>ante</strong></span> 
     </span>
     <span class='ocr_line' id='line_1_17' title="bbox 191 2170 1344 2259; baseline 0.003 -23"><span class='ocrx_word' id='word_1_129' title='bbox 191 2174 319 2239; x_wconf 81' lang='lat' dir='ltr'><strong>fuerant</strong></span> <span class='ocrx_word' id='word_1_130' title='bbox 340 2173 516 2251; x_wconf 82' lang='lat' dir='ltr'><strong>discordes,</strong></span> <span class='ocrx_word' id='word_1_131' title='bbox 531 2193 570 2237; x_wconf 89' lang='lat' dir='ltr'><strong>eo</strong></span> <span class='ocrx_word' id='word_1_132' title='bbox 591 2172 677 2256; x_wconf 93' lang='lat' dir='ltr'><strong>quod</strong></span> <span class='ocrx_word' id='word_1_133' title='bbox 700 2170 813 2235; x_wconf 81' lang='lat' dir='ltr'><strong>Abbss</strong></span> <span class='ocrx_word' id='word_1_134' title='bbox 834 2172 939 2237; x_wconf 86' lang='lat' dir='ltr'><strong>voluit</strong></span> <span class='ocrx_word' id='word_1_135' title='bbox 960 2171 1078 2237; x_wconf 87' lang='lat' dir='ltr'><strong>habere</strong></span> <span class='ocrx_word' id='word_1_136' title='bbox 1101 2173 1282 2259; x_wconf 77' lang='lat' dir='ltr'><strong>stallagium</strong></span> <span class='ocrx_word' id='word_1_137' title='bbox 1302 2174 1344 2240; x_wconf 87' lang='lat' dir='ltr'><strong>de</strong></span> 
     </span>
     <span class='ocr_line' id='line_1_18' title="bbox 191 2274 1344 2354; baseline 0.002 -14"><span class='ocrx_word' id='word_1_138' title='bbox 191 2277 254 2340; x_wconf 91' lang='lat' dir='ltr'><strong>illis</strong></span> <span class='ocrx_word' id='word_1_139' title='bbox 265 2277 298 2340; x_wconf 92' lang='lat' dir='ltr'><strong>in</strong></span> <span class='ocrx_word' id='word_1_140' title='bbox 311 2275 465 2340; x_wconf 89' lang='lat' dir='ltr'><strong>nundinis</strong></span> <span class='ocrx_word' id='word_1_141' title='bbox 477 2275 517 2340; x_wconf 94' lang='lat' dir='ltr'><strong>de</strong></span> <span class='ocrx_word' id='word_1_142' title='bbox 528 2275 707 2354; x_wconf 80' lang='lat' dir='ltr'><strong>Waltham,</strong></span> <span class='ocrx_word' id='word_1_143' title='bbox 721 2285 755 2339; x_wconf 92' lang='lat' dir='ltr'><strong>et</strong></span> <span class='ocrx_word' id='word_1_144' title='bbox 763 2275 824 2339; x_wconf 90' lang='lat' dir='ltr'><strong>hac</strong></span> <span class='ocrx_word' id='word_1_145' title='bbox 833 2275 874 2339; x_wconf 89' lang='lat' dir='ltr'><strong>de</strong></span> <span class='ocrx_word' id='word_1_146' title='bbox 885 2297 981 2340; x_wconf 87' lang='lat' dir='ltr'><strong>causa</strong></span> <span class='ocrx_word' id='word_1_147' title='bbox 991 2296 1106 2340; x_wconf 89' lang='lat' dir='ltr'><strong>omnes</strong></span> <span class='ocrx_word' id='word_1_148' title='bbox 1116 2274 1344 2342; x_wconf 67' lang='lat' dir='ltr'><strong>delaondoniis</strong></span> 
     </span>
     <span class='ocr_line' id='line_1_19' title="bbox 191 2377 1343 2462; baseline 0.002 -20"><span class='ocrx_word' id='word_1_149' title='bbox 191 2388 393 2442; x_wconf 87' lang='lat' dir='ltr'><strong>retraxerunt</strong></span> <span class='ocrx_word' id='word_1_150' title='bbox 408 2401 454 2455; x_wconf 89' lang='lat' dir='ltr'><strong>se,</strong></span> <span class='ocrx_word' id='word_1_151' title='bbox 470 2378 620 2442; x_wconf 86' lang='lat' dir='ltr'><strong>nolentes</strong></span> <span class='ocrx_word' id='word_1_152' title='bbox 634 2377 744 2442; x_wconf 80' lang='lat' dir='ltr'><strong>venire</strong></span> <span class='ocrx_word' id='word_1_153' title='bbox 753 2379 787 2441; x_wconf 96' lang='lat' dir='ltr'><strong>in</strong></span> <span class='ocrx_word' id='word_1_154' title='bbox 799 2377 953 2462; x_wconf 90' lang='lat' dir='ltr'><strong>predictis</strong></span> <span class='ocrx_word' id='word_1_155' title='bbox 965 2377 1120 2442; x_wconf 86' lang='lat' dir='ltr'><strong>nundinia</strong></span> <span class='ocrx_word' id='word_1_156' title='bbox 1129 2377 1343 2444; x_wconf 86' lang='lat' dir='ltr'><strong>deWaltham</strong></span> 
     </span>
     <span class='ocr_line' id='line_1_20' title="bbox 191 2479 1343 2566; baseline 0.001 -22"><span class='ocrx_word' id='word_1_157' title='bbox 191 2502 250 2565; x_wconf 92' lang='lat' dir='ltr'><strong>per</strong></span> <span class='ocrx_word' id='word_1_158' title='bbox 263 2490 330 2543; x_wconf 89' lang='lat' dir='ltr'><strong>tres</strong></span> <span class='ocrx_word' id='word_1_159' title='bbox 345 2502 449 2544; x_wconf 88' lang='lat' dir='ltr'><strong>annos</strong></span> <span class='ocrx_word' id='word_1_160' title='bbox 465 2489 499 2544; x_wconf 92' lang='lat' dir='ltr'><strong>et</strong></span> <span class='ocrx_word' id='word_1_161' title='bbox 513 2480 664 2565; x_wconf 87' lang='lat' dir='ltr'><strong>amplius.</strong></span> <span class='ocrx_word' id='word_1_162' title='bbox 708 2480 755 2544; x_wconf 85' lang='lat' dir='ltr'><strong>Et</strong></span> <span class='ocrx_word' id='word_1_163' title='bbox 766 2489 817 2544; x_wconf 89' lang='lat' dir='ltr'><strong>est</strong></span> <span class='ocrx_word' id='word_1_164' title='bbox 827 2479 1000 2545; x_wconf 91' lang='lat' dir='ltr'><strong>concordia</strong></span> <span class='ocrx_word' id='word_1_165' title='bbox 1018 2479 1091 2544; x_wconf 86' lang='lat' dir='ltr'><strong>talis</strong></span> <span class='ocrx_word' id='word_1_166' title='bbox 1121 2480 1210 2566; x_wconf 90' lang='lat' dir='ltr'><strong>quod</strong></span> <span class='ocrx_word' id='word_1_167' title='bbox 1230 2479 1343 2545; x_wconf 79' lang='lat' dir='ltr'><strong>Abbas</strong></span> 
     </span>
     <span class='ocr_line' id='line_1_21' title="bbox 191 2581 1344 2668; baseline 0.002 -22"><span class='ocrx_word' id='word_1_168' title='bbox 191 2581 620 2646; x_wconf 88' lang='lat' dir='ltr'><strong>transmisitLondoniarum</strong></span> <span class='ocrx_word' id='word_1_169' title='bbox 633 2581 769 2647; x_wconf 85' lang='lat' dir='ltr'><strong>Civibus</strong></span> <span class='ocrx_word' id='word_1_170' title='bbox 784 2583 894 2647; x_wconf 91' lang='lat' dir='ltr'><strong>omnia</strong></span> <span class='ocrx_word' id='word_1_171' title='bbox 908 2583 1024 2660; x_wconf 89' lang='lat' dir='ltr'><strong>narnia,</strong></span> <span class='ocrx_word' id='word_1_172' title='bbox 1035 2604 1098 2667; x_wconf 86' lang='lat' dir='ltr'><strong>que</strong></span> <span class='ocrx_word' id='word_1_173' title='bbox 1113 2584 1344 2668; x_wconf 71' lang='lat' dir='ltr'><strong>captsfuerunt</strong></span> 
     </span>
     <span class='ocr_line' id='line_1_22' title="bbox 190 2685 1343 2771; baseline -0.001 -20"><span class='ocrx_word' id='word_1_174' title='bbox 190 2707 250 2771; x_wconf 91' lang='lat' dir='ltr'><strong>pro</strong></span> <span class='ocrx_word' id='word_1_175' title='bbox 264 2686 352 2751; x_wconf 91' lang='lat' dir='ltr'><strong>dicto</strong></span> <span class='ocrx_word' id='word_1_176' title='bbox 362 2685 518 2770; x_wconf 80' lang='lat' dir='ltr'><strong>stallagio,</strong></span> <span class='ocrx_word' id='word_1_177' title='bbox 534 2696 568 2749; x_wconf 93' lang='lat' dir='ltr'><strong>et</strong></span> <span class='ocrx_word' id='word_1_178' title='bbox 578 2707 638 2770; x_wconf 93' lang='lat' dir='ltr'><strong>pro</strong></span> <span class='ocrx_word' id='word_1_179' title='bbox 661 2685 777 2749; x_wconf 89' lang='lat' dir='ltr'><strong>namiis</strong></span> <span class='ocrx_word' id='word_1_180' title='bbox 797 2685 933 2770; x_wconf 91' lang='lat' dir='ltr'><strong>perditis</strong></span> <span class='ocrx_word' id='word_1_181' title='bbox 947 2696 981 2750; x_wconf 91' lang='lat' dir='ltr'><strong>et</strong></span> <span class='ocrx_word' id='word_1_182' title='bbox 996 2686 1135 2771; x_wconf 88' lang='lat' dir='ltr'><strong>putridis</strong></span> <span class='ocrx_word' id='word_1_183' title='bbox 1151 2687 1292 2752; x_wconf 79' lang='lat' dir='ltr'><strong>valorem</strong></span> <span class='ocrx_word' id='word_1_184' title='bbox 1308 2686 1343 2750; x_wconf 92' lang='lat' dir='ltr'><strong>in</strong></span> 
     </span>
     <span class='ocr_line' id='line_1_23' title="bbox 191 2789 1343 2875; baseline 0 -21"><span class='ocrx_word' id='word_1_185' title='bbox 191 2790 341 2868; x_wconf 83' lang='lat' dir='ltr'><strong>denariis,</strong></span> <span class='ocrx_word' id='word_1_186' title='bbox 352 2800 386 2855; x_wconf 93' lang='lat' dir='ltr'><strong>et</strong></span> <span class='ocrx_word' id='word_1_187' title='bbox 400 2789 561 2854; x_wconf 90' lang='lat' dir='ltr'><strong>concessit</strong></span> <span class='ocrx_word' id='word_1_188' title='bbox 576 2790 664 2875; x_wconf 91' lang='lat' dir='ltr'><strong>quod</strong></span> <span class='ocrx_word' id='word_1_189' title='bbox 674 2790 761 2854; x_wconf 87' lang='lat' dir='ltr'><strong>cives</strong></span> <span class='ocrx_word' id='word_1_190' title='bbox 776 2789 911 2854; x_wconf 85' lang='lat' dir='ltr'><strong>veniant</strong></span> <span class='ocrx_word' id='word_1_191' title='bbox 925 2789 966 2854; x_wconf 89' lang='lat' dir='ltr'><strong>de</strong></span> <span class='ocrx_word' id='word_1_192' title='bbox 981 2798 1089 2855; x_wconf 88' lang='lat' dir='ltr'><strong>cetero</strong></span> <span class='ocrx_word' id='word_1_193' title='bbox 1100 2789 1134 2852; x_wconf 92' lang='lat' dir='ltr'><strong>in</strong></span> <span class='ocrx_word' id='word_1_194' title='bbox 1150 2789 1245 2855; x_wconf 88' lang='lat' dir='ltr'><strong>dictis</strong></span> <span class='ocrx_word' id='word_1_195' title='bbox 1257 2811 1343 2854; x_wconf 91' lang='lat' dir='ltr'><strong>nun·</strong></span> 
     </span>
     <span class='ocr_line' id='line_1_24' title="bbox 192 2891 1169 2977; baseline -0.001 -21"><span class='ocrx_word' id='word_1_196' title='bbox 192 2891 288 2971; x_wconf 92' lang='lat' dir='ltr'><strong>dinis,</strong></span> <span class='ocrx_word' id='word_1_197' title='bbox 303 2903 337 2956; x_wconf 92' lang='lat' dir='ltr'><strong>et</strong></span> <span class='ocrx_word' id='word_1_198' title='bbox 347 2891 392 2956; x_wconf 92' lang='lat' dir='ltr'><strong>ibi</strong></span> <span class='ocrx_word' id='word_1_199' title='bbox 408 2892 475 2956; x_wconf 91' lang='lat' dir='ltr'><strong>sint</strong></span> <span class='ocrx_word' id='word_1_200' title='bbox 485 2891 586 2976; x_wconf 87' lang='lat' dir='ltr'><strong>quieti</strong></span> <span class='ocrx_word' id='word_1_201' title='bbox 599 2892 641 2957; x_wconf 90' lang='lat' dir='ltr'><strong>de</strong></span> <span class='ocrx_word' id='word_1_202' title='bbox 652 2892 743 2958; x_wconf 91' lang='lat' dir='ltr'><strong>omni</strong></span> <span class='ocrx_word' id='word_1_203' title='bbox 758 2891 904 2976; x_wconf 67' lang='lat' dir='ltr'><strong>collegio</strong></span> <span class='ocrx_word' id='word_1_204' title='bbox 918 2891 1169 2977; x_wconf 86' lang='lat' dir='ltr'><strong>imperpetuum.</strong></span> 
     </span>
    </p>

    <p class='ocr_par' dir='ltr' id='par_1_5' title="bbox 276 2993 1564 3085">
     <span class='ocr_line' id='line_1_25' title="bbox 276 2993 1564 3085; baseline 0.001 -28"><span class='ocrx_word' id='word_1_205' title='bbox 276 2995 419 3059; x_wconf 82' lang='lat' dir='ltr'><strong>Thomas</strong></span> <span class='ocrx_word' id='word_1_206' title='bbox 435 2993 519 3057; x_wconf 85' lang='lat' dir='ltr'><strong>filius</strong></span> <span class='ocrx_word' id='word_1_207' title='bbox 534 2994 670 3057; x_wconf 81' lang='lat' dir='ltr'><strong>Thome.</strong></span> <span class='ocrx_word' id='word_1_208' title='bbox 1355 3021 1468 3070; x_wconf 59' lang='lat' dir='ltr'><strong>mco,</strong></span> <span class='ocrx_word' id='word_1_209' title='bbox 1479 3023 1564 3085; x_wconf 69' lang='lat'><strong>1„·,·„·„</strong></span> 
     </span>
    </p>
   </div>
   <div class='ocr_carea' id='block_1_3' title="bbox 189 3087 1560 3893">
    <p class='ocr_par' dir='ltr' id='par_1_6' title="bbox 278 3087 1547 3197">
     <span class='ocr_line' id='line_1_26' title="bbox 278 3087 1547 3197; baseline 0 -35"><span class='ocrx_word' id='word_1_210' title='bbox 278 3097 441 3162; x_wconf 74' lang='lat' dir='ltr'><strong>liebertus</strong></span> <span class='ocrx_word' id='word_1_211' title='bbox 456 3097 496 3161; x_wconf 91' lang='lat' dir='ltr'><strong>de</strong></span> <span class='ocrx_word' id='word_1_212' title='bbox 513 3096 691 3161; x_wconf 87' lang='lat' dir='ltr'><strong>Catelonie.</strong></span> <span class='ocrx_word' id='word_1_213' title='bbox 1347 3087 1471 3197; x_wconf 56' lang='lat' dir='ltr'><strong>f”.“;⁸.⁸&#39;</strong></span> <span class='ocrx_word' id='word_1_214' title='bbox 1480 3103 1547 3150; x_wconf 76' lang='lat'><strong>&#39;⁶⁹⁸⁸</strong></span> 
     </span>
    </p>

    <p class='ocr_par' dir='ltr' id='par_1_7' title="bbox 190 3165 1560 3485">
     <span class='ocr_line' id='line_1_27' title="bbox 238 3165 1515 3276; baseline -0.001 -14"><span class='ocrx_word' id='word_1_215' title='bbox 238 3198 338 3262; x_wconf 86' lang='lat' dir='ltr'><strong>Dicto</strong></span> <span class='ocrx_word' id='word_1_216' title='bbox 357 3218 434 3262; x_wconf 87' lang='lat' dir='ltr'><strong>vero</strong></span> <span class='ocrx_word' id='word_1_217' title='bbox 453 3196 596 3262; x_wconf 84' lang='lat' dir='ltr'><strong>Roberto</strong></span> <span class='ocrx_word' id='word_1_218' title='bbox 619 3208 760 3276; x_wconf 90' lang='lat' dir='ltr'><strong>mortuo,</strong></span> <span class='ocrx_word' id='word_1_219' title='bbox 774 3199 881 3262; x_wconf 84' lang='lat' dir='ltr'><strong>factus</strong></span> <span class='ocrx_word' id='word_1_220' title='bbox 904 3208 956 3262; x_wconf 86' lang='lat' dir='ltr'><strong>est</strong></span> <span class='ocrx_word' id='word_1_221' title='bbox 974 3197 1164 3262; x_wconf 79' lang='lat' dir='ltr'><strong>Vicecomes</strong></span> <span class='ocrx_word' id='word_1_222' title='bbox 1185 3197 1340 3261; x_wconf 83' lang='lat' dir='ltr'><strong>Matheus</strong></span> <span class='ocrx_word' id='word_1_223' title='bbox 1353 3165 1515 3262; x_wconf 47' lang='lat' dir='ltr'><strong>efficii*</strong></span> 
     </span>
     <span class='ocr_line' id='line_1_28' title="bbox 192 3280 1560 3400; baseline -0.001 -36"><span class='ocrx_word' id='word_1_224' title='bbox 192 3299 332 3364; x_wconf 86' lang='lat' dir='ltr'><strong>Bokerel</strong></span> <span class='ocrx_word' id='word_1_225' title='bbox 347 3300 381 3362; x_wconf 91' lang='lat' dir='ltr'><strong>in</strong></span> <span class='ocrx_word' id='word_1_226' title='bbox 398 3298 549 3363; x_wconf 86' lang='lat' dir='ltr'><strong>Crastino</strong></span> <span class='ocrx_word' id='word_1_227' title='bbox 564 3300 674 3365; x_wconf 91' lang='lat' dir='ltr'><strong>Sancti</strong></span> <span class='ocrx_word' id='word_1_228' title='bbox 690 3300 790 3377; x_wconf 89' lang='lat' dir='ltr'><strong>Luce,</strong></span> <span class='ocrx_word' id='word_1_229' title='bbox 805 3300 861 3384; x_wconf 92' lang='lat' dir='ltr'><strong>qui</strong></span> <span class='ocrx_word' id='word_1_230' title='bbox 875 3309 1004 3364; x_wconf 90' lang='lat' dir='ltr'><strong>amotus</strong></span> <span class='ocrx_word' id='word_1_231' title='bbox 1018 3300 1082 3364; x_wconf 85' lang='lat' dir='ltr'><strong>fuit</strong></span> <span class='ocrx_word' id='word_1_232' title='bbox 1096 3299 1176 3364; x_wconf 86' lang='lat' dir='ltr'><strong>Idus</strong></span> <span class='ocrx_word' id='word_1_233' title='bbox 1199 3280 1560 3400; x_wconf 43' lang='lat' dir='ltr'><strong>Februa-mxu*</strong></span> 
     </span>
     <span class='ocr_line' id='line_1_29' title="bbox 190 3398 1079 3485; baseline 0 -21"><span class='ocrx_word' id='word_1_234' title='bbox 190 3401 239 3480; x_wconf 89' lang='lat' dir='ltr'><strong>rii,</strong></span> <span class='ocrx_word' id='word_1_235' title='bbox 250 3411 285 3464; x_wconf 92' lang='lat' dir='ltr'><strong>et</strong></span> <span class='ocrx_word' id='word_1_236' title='bbox 298 3401 403 3463; x_wconf 85' lang='lat' dir='ltr'><strong>factus</strong></span> <span class='ocrx_word' id='word_1_237' title='bbox 418 3409 470 3463; x_wconf 91' lang='lat' dir='ltr'><strong>est</strong></span> <span class='ocrx_word' id='word_1_238' title='bbox 483 3400 673 3464; x_wconf 87' lang='lat' dir='ltr'><strong>Vicecomes</strong></span> <span class='ocrx_word' id='word_1_239' title='bbox 686 3400 881 3463; x_wconf 87' lang='lat' dir='ltr'><strong>Willielmus</strong></span> <span class='ocrx_word' id='word_1_240' title='bbox 897 3398 1079 3485; x_wconf 80' lang='lat' dir='ltr'><strong>Grapefige.</strong></span> 
     </span>
    </p>

    <p class='ocr_par' dir='ltr' id='par_1_8' title="bbox 189 3501 1340 3791">
     <span class='ocr_line' id='line_1_30' title="bbox 235 3501 1339 3585; baseline 0 -18"><span class='ocrx_word' id='word_1_241' title='bbox 235 3504 309 3567; x_wconf 91' lang='lat' dir='ltr'><strong>Hoc</strong></span> <span class='ocrx_word' id='word_1_242' title='bbox 324 3524 409 3565; x_wconf 87' lang='lat' dir='ltr'><strong>anno</strong></span> <span class='ocrx_word' id='word_1_243' title='bbox 424 3502 545 3566; x_wconf 86' lang='lat' dir='ltr'><strong>creavit</strong></span> <span class='ocrx_word' id='word_1_244' title='bbox 569 3504 640 3566; x_wconf 84' lang='lat' dir='ltr'><strong>Rex</strong></span> <span class='ocrx_word' id='word_1_245' title='bbox 655 3512 818 3566; x_wconf 89' lang='lat' dir='ltr'><strong>monetam</strong></span> <span class='ocrx_word' id='word_1_246' title='bbox 840 3523 972 3567; x_wconf 77' lang='lat' dir='ltr'><strong>auream</strong></span> <span class='ocrx_word' id='word_1_247' title='bbox 986 3501 1200 3579; x_wconf 87' lang='lat' dir='ltr'><strong>denariorum,</strong></span> <span class='ocrx_word' id='word_1_248' title='bbox 1216 3502 1339 3585; x_wconf 90' lang='lat' dir='ltr'><strong>ponde·</strong></span> 
     </span>
     <span class='ocr_line' id='line_1_31' title="bbox 189 3603 1340 3689; baseline -0.001 -19"><span class='ocrx_word' id='word_1_249' title='bbox 189 3607 233 3670; x_wconf 88' lang='lat' dir='ltr'><strong>ris</strong></span> <span class='ocrx_word' id='word_1_250' title='bbox 248 3606 388 3669; x_wconf 86' lang='lat' dir='ltr'><strong>duorum</strong></span> <span class='ocrx_word' id='word_1_251' title='bbox 414 3604 650 3688; x_wconf 83' lang='lat' dir='ltr'><strong>sterlingorum,</strong></span> <span class='ocrx_word' id='word_1_252' title='bbox 672 3604 713 3668; x_wconf 91' lang='lat' dir='ltr'><strong>de</strong></span> <span class='ocrx_word' id='word_1_253' title='bbox 735 3625 815 3668; x_wconf 91' lang='lat' dir='ltr'><strong>auro</strong></span> <span class='ocrx_word' id='word_1_254' title='bbox 840 3604 1025 3689; x_wconf 88' lang='lat' dir='ltr'><strong>purissimo,</strong></span> <span class='ocrx_word' id='word_1_255' title='bbox 1046 3614 1081 3668; x_wconf 91' lang='lat' dir='ltr'><strong>et</strong></span> <span class='ocrx_word' id='word_1_256' title='bbox 1098 3603 1204 3668; x_wconf 88' lang='lat' dir='ltr'><strong>voluit</strong></span> <span class='ocrx_word' id='word_1_257' title='bbox 1225 3613 1264 3668; x_wconf 87' lang='lat' dir='ltr'><strong>ut</strong></span> <span class='ocrx_word' id='word_1_258' title='bbox 1284 3604 1340 3669; x_wconf 87' lang='lat' dir='ltr'><strong>ille</strong></span> 
     </span>
     <span class='ocr_line' id='line_1_32' title="bbox 190 3704 1009 3791; baseline -0.005 -18"><span class='ocrx_word' id='word_1_259' title='bbox 190 3729 305 3774; x_wconf 72' lang='lat' dir='ltr'><strong>eureus</strong></span> <span class='ocrx_word' id='word_1_260' title='bbox 320 3715 461 3770; x_wconf 91' lang='lat' dir='ltr'><strong>curreret</strong></span> <span class='ocrx_word' id='word_1_261' title='bbox 475 3706 508 3769; x_wconf 93' lang='lat' dir='ltr'><strong>in</strong></span> <span class='ocrx_word' id='word_1_262' title='bbox 523 3705 628 3791; x_wconf 91' lang='lat' dir='ltr'><strong>pretio</strong></span> <span class='ocrx_word' id='word_1_263' title='bbox 643 3704 757 3789; x_wconf 81' lang='lat' dir='ltr'><strong>viginti</strong></span> <span class='ocrx_word' id='word_1_264' title='bbox 772 3705 1009 3791; x_wconf 80' lang='lat' dir='ltr'><strong>sterlingorum.</strong></span> 
     </span>
    </p>

    <p class='ocr_par' dir='ltr' id='par_1_9' title="bbox 234 3805 1340 3893">
     <span class='ocr_line' id='line_1_33' title="bbox 234 3805 1340 3893; baseline 0 -19"><span class='ocrx_word' id='word_1_265' title='bbox 234 3810 310 3874; x_wconf 93' lang='lat' dir='ltr'><strong>Hoc</strong></span> <span class='ocrx_word' id='word_1_266' title='bbox 323 3829 421 3887; x_wconf 90' lang='lat' dir='ltr'><strong>anno,</strong></span> <span class='ocrx_word' id='word_1_267' title='bbox 432 3807 484 3871; x_wconf 92' lang='lat' dir='ltr'><strong>die</strong></span> <span class='ocrx_word' id='word_1_268' title='bbox 493 3806 666 3871; x_wconf 88' lang='lat' dir='ltr'><strong>Dominica</strong></span> <span class='ocrx_word' id='word_1_269' title='bbox 680 3806 829 3891; x_wconf 82' lang='lat' dir='ltr'><strong>proximo</strong></span> <span class='ocrx_word' id='word_1_270' title='bbox 844 3817 920 3893; x_wconf 90' lang='lat' dir='ltr'><strong>post</strong></span> <span class='ocrx_word' id='word_1_271' title='bbox 934 3808 1053 3871; x_wconf 79' lang='lat' dir='ltr'><strong>festum</strong></span> <span class='ocrx_word' id='word_1_272' title='bbox 1066 3805 1225 3871; x_wconf 89' lang='lat' dir='ltr'><strong>Omnium</strong></span> <span class='ocrx_word' id='word_1_273' title='bbox 1241 3807 1340 3874; x_wconf 85' lang='lat' dir='ltr'><strong>Sanc-</strong></span> 
     </span>
    </p>
   </div>
   <div class='ocr_carea' id='block_1_4' title="bbox 188 3908 1340 3993">
    <p class='ocr_par' dir='ltr' id='par_1_10' title="bbox 188 3908 1340 3993">
     <span class='ocr_line' id='line_1_34' title="bbox 188 3908 1340 3993; baseline -0.002 -16"><span class='ocrx_word' id='word_1_274' title='bbox 188 3923 307 3993; x_wconf 87' lang='lat' dir='ltr'><strong>torum,</strong></span> <span class='ocrx_word' id='word_1_275' title='bbox 321 3910 525 3976; x_wconf 84' lang='lat' dir='ltr'><strong>venientibus</strong></span> <span class='ocrx_word' id='word_1_276' title='bbox 541 3909 667 3974; x_wconf 84' lang='lat' dir='ltr'><strong>Maiore</strong></span> <span class='ocrx_word' id='word_1_277' title='bbox 681 3918 716 3973; x_wconf 90' lang='lat' dir='ltr'><strong>et</strong></span> <span class='ocrx_word' id='word_1_278' title='bbox 731 3908 868 3975; x_wconf 82' lang='lat' dir='ltr'><strong>Civibus</strong></span> <span class='ocrx_word' id='word_1_279' title='bbox 877 3908 1124 3975; x_wconf 81' lang='lat' dir='ltr'><strong>Londoniarum</strong></span> <span class='ocrx_word' id='word_1_280' title='bbox 1139 3931 1248 3976; x_wconf 73' lang='lat' dir='ltr'><strong>coram</strong></span> <span class='ocrx_word' id='word_1_281' title='bbox 1269 3911 1340 3975; x_wconf 88' lang='lat' dir='ltr'><strong>Do·</strong></span> 
     </span>
    </p>
   </div>
   <div class='ocr_carea' id='block_1_5' title="bbox 0 0 1774 4830">
    <p class='ocr_par' dir='ltr' id='par_1_11' title="bbox 0 0 1774 4830">
     <span class='ocr_line' id='line_1_35' title="bbox 0 0 1774 4830; baseline 0 1"><span class='ocrx_word' id='word_1_282' title='bbox 0 0 1774 4830; x_wconf 95' lang='lat' dir='ltr'><strong> </strong></span> 
     </span>
    </p>
   </div>
  </div>
 </body>
</html>
