3540 4830
482 438 738 485 vrcucorrrruu
765 435 1050 482 nouooerneurr.
1297 422 1338 481 68

190 598 425 667 remanserunt,
436 601 662 675 pugnaverunt
675 611 750 655 cum
765 586 908 655 exercitu
924 586 1023 672 Regis
1033 604 1137 671 usque
1148 584 1190 650 ad
1200 595 1341 667 noctem,

191 705 225 757 et
240 690 465 756 innumerabili
485 692 608 777 populo
619 693 787 778 utriusque
806 690 908 776 pertis
928 689 1047 768 occiso,
1063 689 1210 753 Berones
1221 689 1344 756 hebue-

191 805 270 858 runt
291 793 472 871 victoriam,
494 804 528 858 et
550 805 706 879 ceperunt
719 794 829 859 villem
855 794 896 858 de
920 793 1057 858 Liawes.
1107 791 1153 856 Et
1176 792 1246 857 Rex
1267 793 1344 857 Ale·

192 896 322 960 mannie
340 906 454 980 captus
469 904 530 973 est,
545 906 578 960 et
597 895 692 960 multi
715 896 767 960 alii
785 896 933 962 Comites
952 905 987 963 et
1010 895 1154 960 Berones
1165 894 1216 959 vel
1237 894 1344 959 reddi-

192 1000 311 1063 derunt
330 1020 365 1063 se
379 997 431 1062 vel
445 998 577 1062 luerunt
593 998 712 1076 occisi3
735 999 769 1062 in
789 1020 855 1084 quo
877 998 1043 1079 conflictu,
1058 998 1128 1063 sine
1152 996 1295 1082 Regibus
1310 1008 1345 1062 et

192 1100 336 1165 Domino
352 1099 525 1178 edwardo,
539 1121 615 1164 xxv.
632 1100 769 1163 barones
784 1098 902 1164 vexilla
915 1109 1085 1185 portantes
1099 1100 1151 1164 vel
1165 1099 1251 1186 cepti
1267 1108 1345 1163 sunt

191 1200 245 1266 vel
264 1200 381 1279 occisi;
403 1201 535 1285 quidem
557 1211 667 1266 tamen
689 1200 827 1266 berones
843 1201 883 1267 de
898 1201 1041 1268 exercitu
1063 1200 1162 1287 Regis
1184 1211 1344 1287 ponentes

193 1325 229 1367 se
243 1303 277 1367 iu
293 1303 414 1387 fugem,
429 1313 611 1367 evaserunt.

237 1403 500 1483 Memorendum,
523 1404 610 1489 quod
633 1411 730 1468 nocte
753 1402 807 1467 ille
829 1402 914 1468 iuter
938 1404 1060 1489 Regem
1083 1414 1118 1469 et
1143 1404 1288 1471 &renes
1311 1413 1346 1469 et

196 1528 296 1571 suoso
315 1507 425 1572 extitit
446 1507 614 1592 provisum
629 1516 663 1572 et
678 1506 874 1584 ordinatum,
889 1507 978 1591 quod
998 1506 1201 1591 providentie
1216 1505 1346 1571 Oxouie

197 1619 322 1673 sterent
336 1609 540 1687 inconcusse,
556 1619 590 1674 et
605 1609 632 1672 si
647 1609 726 1694 quid
737 1630 777 1673 ex
788 1608 836 1674 eis
847 1608 932 1673 foret
942 1607 1180 1693 corrigendum,
1194 1629 1254 1694 per
1268 1629 1347 1692 que-

192 1720 269 1775 tuor
283 1709 457 1776 nobiliores
480 1711 597 1795 Anglie
615 1711 797 1797 episcopos,
820 1731 878 1775 seu
901 1719 1080 1794 magnetes,
1102 1709 1233 1795 penitere
1248 1709 1347 1773 corri-

191 1822 340 1897 geretur3
362 1823 397 1877 et
411 1813 438 1876 si
454 1813 611 1878 dissentio
632 1814 738 1899 alique
756 1814 841 1878 foret
863 1812 949 1877 inter
969 1812 1071 1896 ipsos,
1093 1811 1139 1876 ita
1153 1812 1241 1897 quod
1255 1811 1347 1877 nullo

192 1915 291 1978 modo
306 1915 482 1979 concordes
502 1915 572 1980 fieri
596 1927 743 2000 possent,
767 1926 847 1981 tunc
873 1924 1014 1980 staretur
1026 1915 1191 1979 veredioto
1206 1913 1347 1979 Comitis

192 2017 378 2102 Andegavie
394 2030 427 2083 et
443 2018 547 2083 Ducis
563 2020 764 2104 Burgundio,
786 2019 814 2083 si
836 2021 941 2105 major
954 2040 1029 2104 pars
1046 2019 1212 2083 Beronum
1227 2018 1269 2083 ad
1284 2017 1348 2082 hoc

191 2119 376 2185 consentire
397 2120 566 2185 voluisset.
612 2123 658 2185 Et
671 2123 713 2186 ad
728 2123 813 2186 banc
834 2121 1056 2206 provisionem
1079 2121 1218 2186 fideliter
1237 2119 1348 2186 obser-

192 2220 344 2299 vandam,
359 2221 496 2306 predicti
511 2222 577 2287 duo
594 2223 700 2307 Reges
724 2244 801 2287 suos
824 2222 1058 2307 primogenitos
1080 2221 1211 2287 obsides
1230 2231 1265 2288 et
1284 2222 1349 2306 pri·

193 2345 290 2388 sones
307 2323 490 2389 Beronibus
506 2324 720 2403 tradiderunt,
743 2335 777 2389 et
792 2334 952 2389 statutum
977 2334 1030 2389 est
1052 2333 1092 2390 ut
1111 2324 1348 2410 parlamentum

194 2425 257 2489 boc
271 2426 407 2490 instanti
422 2427 506 2491 festo
522 2427 732 2490 Pentecostee
756 2427 844 2512 apud
860 2426 1048 2492 Londouiee
1072 2436 1239 2508 teneatur;
1261 2426 1350 2513 quod

193 2549 360 2612 nunquam
374 2528 578 2612 pervenitad
593 2529 759 2593 effectum.

239 2629 366 2707 Postea,
381 2629 433 2693 die
449 2629 568 2694 Martis
582 2639 659 2695 ente
673 2628 920 2711 decensionem,
935 2630 1072 2696 clamata
1086 2630 1149 2695 fuit
1167 2651 1232 2716 pax
1252 2629 1351 2716 Regis

192 2740 228 2795 et
243 2730 409 2794 Beronum
424 2731 459 2795 in
475 2731 668 2810 Londoniis,
683 2743 718 2797 et
736 2731 879 2797 crestirm
893 2733 985 2798 venit
1001 2733 1162 2798 exercitus
1185 2733 1351 2800 Beronum

194 2833 229 2897 in
245 2833 438 2911 londoniis,
453 2843 487 2899 et
499 2834 662 2899 Dominus
686 2837 757 2899 Rex
772 2857 846 2900 curn
867 2836 946 2916 suis,
964 2846 998 2902 et
1022 2838 1092 2901 Rex
1106 2835 1298 2901 Alemannis
1318 2843 1353 2900 et

194 2936 290 3001 multi
304 2936 463 3020 prisones,
478 2937 534 3021 qui
549 2937 635 3021 cepti
647 2938 780 3002 luerunt
793 2938 829 3003 in
839 2939 940 3024 prelio
955 2939 1112 3025 predicto,
1125 2939 1269 3005 Domino
1283 2938 1353 3003 Ed·

194 3038 302 3103 wardo
326 3048 360 3103 et
376 3039 523 3105 Domino
548 3039 692 3106 ilenrico
708 3042 749 3106 de
772 3041 974 3121 Alamannia,
989 3042 1045 3127 qui
1066 3051 1145 3107 sunt
1159 3041 1300 3120 obsides,
1315 3048 1353 3104 ut

194 3140 320 3205 dictum
347 3152 409 3220 est,
434 3142 553 3227 positis
572 3143 606 3206 in
625 3143 774 3209 custodie
798 3144 833 3208 in
856 3154 963 3210 cestro
986 3145 1138 3210 Doverie.
1182 3145 1253 3209 Rex
1274 3164 1352 3208 vero

194 3241 396 3321 Alemannie,
416 3253 450 3309 et
474 3245 682 3330 quamplures
700 3246 754 3310 alii
776 3247 924 3331 prisones
945 3247 1045 3330 positi
1067 3254 1146 3310 sunt
1174 3246 1209 3309 in
1223 3245 1353 3309 turrim

195 3343 451 3408 Iaondoniarum.
490 3345 654 3409 Dominus
669 3357 779 3411 autem
797 3348 867 3411 Rex
881 3348 1068 3431 hospitatus
1085 3356 1136 3411 est
1150 3347 1238 3432 apud
1252 3345 1354 3411 Seno·

195 3456 267 3509 tum
284 3444 433 3523 Paulum,
446 3455 481 3510 et
499 3456 579 3511 tune
604 3448 812 3532 quamplures
836 3448 876 3512 de
897 3448 1019 3512 familie
1041 3448 1159 3512 domus
1177 3469 1236 3513 suc
1257 3447 1299 3512 ab
1313 3469 1353 3513 eo

197 3547 317 3625 emoti3
332 3558 366 3612 et
380 3557 459 3612 tunc
468 3548 569 3612 nichil
584 3549 756 3614 allocutum
772 3559 823 3613 est
837 3550 867 3613 ei
882 3549 933 3613 vel
944 3549 1026 3634 Regi
1035 3550 1237 3630 Alemannie,
1248 3550 1354 3637 quoad

198 3649 263 3735 ipsi
278 3650 470 3714 tradiderint
485 3650 670 3715 Beronibus
685 3650 816 3716 obsides
832 3673 921 3716 suos.

239 3751 486 3838 'l'renscriptum
516 3752 696 3818 litterarum
725 3775 805 3838 ques
837 3754 984 3818 Berones
1019 3752 1180 3819 miserunt
1208 3754 1353 3820 Domino

284 3853 376 3939 Regi,
399 3863 475 3918 ante
496 3864 706 3940 prenotatam
729 3855 880 3941 prelium,
906 3866 939 3919 et
960 3854 1140 3920 litterarum
1162 3878 1243 3942 ques
1266 3855 1353 3922 idern

284 3958 356 4023 Rex
370 3957 495 4023 remisit
509 3957 568 4037 eis,
582 3968 616 4024 et
630 3958 728 4024 etiem
743 3959 923 4024 litterarum
938 3982 1020 4045 ques
1035 3961 1106 4026 Rex
1119 3960 1310 4028 alemannie
1321 3973 1356 4028 et

284 4058 466 4125 Edwardus
481 4059 678 4127 remiserunt
690 4061 885 4127 Beronibus.
