3540 4830
467 426 507 480 ‘28
822 436 983 480 carnutes
1011 437 1186 480 unicuivis
1215 436 1258 479 ιτ

466 610 539 651 nem
552 601 583 651 et
599 589 632 651 in
648 588 854 650 obsessorum
868 587 1012 651 subsidio
1028 587 1355 673 propersnte,dieque
1372 587 1526 652 Mercurii
1541 600 1620 673 post

466 691 583 752 lestuni
601 688 685 752 besti
707 689 870 752 Jobsnnis
885 701 959 751 snte
976 702 1103 773 portum
1121 688 1270 753 Lstinsm
1286 711 1360 752 eum
1372 688 1487 753 eodem
1497 688 1618 755 Treve-

466 795 549 855 rensi
564 793 816 877 Areliirpisenpo
828 793 961 855 viriliter
971 791 1175 873 confligente,
1188 813 1252 852 non
1270 793 1339 856 sine
1354 806 1459 877 strsge
1471 814 1619 869 suorum,

466 895 576 957 multis
589 896 656 957 suis
667 894 823 957 militibus
832 907 864 957 et
877 894 947 956 sliis
958 892 1170 978 complicibus
1179 895 1361 978 cuptisutis,
1375 895 1523 957 conlecto
1539 894 1618 959 inde

466 997 577 1079 prelio.
594 1019 650 1080 per
676 998 870 1060 dedecorose.
897 998 970 1075 luge
994 995 1170 1080 presidium
1195 996 1308 1059 mortis
1328 996 1534 1081 supplicium,
1556 1017 1617 1059 seu

467 1099 680 1181 periculosum
708 1099 934 1181 captivotionis
964 1099 1169 1181 dispendium
1199 1099 1348 1161 evitasse.
1402 1099 1467 1173 Sic,
1496 1098 1618 1181 itsque,

465 1200 552 1261 dicto
568 1200 685 1263 l'ostro
701 1214 812 1263 nostro
828 1222 886 1284 per
905 1200 1019 1284 prclnti
1036 1200 1278 1285 :lrcliiepiscopi
1302 1200 1562 1281 blsgontinensis
1576 1220 1616 1265 su

465 1302 598 1364 nliorum
613 1302 755 1365 fidelium
773 1316 955 1365 nostrorum
971 1301 1126 1365 rusilium
1142 1324 1161 1364 s
1176 1305 1335 1387 pressuris
1351 1303 1569 1367 obsidentium
1580 1312 1615 1366 et

464 1404 504 1466 nb
521 1405 779 1488 impugnantium
804 1405 978 1468 insultibus
1001 1404 1135 1468 feliciter
1157 1404 1302 1479 libersto,
1317 1404 1451 1489 ipsoque
1467 1402 1615 1467 s'ictusli·

465 1504 525 1567 bus
541 1517 572 1568 et
589 1505 658 1568 eliis
674 1508 860 1570 necessariis
875 1530 912 1570 sc
927 1508 1067 1570 strenuis
1090 1505 1314 1570 defensoribus
1328 1506 1452 1587 egregie
1466 1525 1615 1569 commu·

464 1609 544 1679 isitii,
565 1608 650 1671 idem
672 1610 944 1694 :lrcbiepiscopus
974 1608 1187 1692 blsgontinus
1213 1610 1297 1694 spud
1320 1609 1558 1693 Aquisgrsnum
1573 1606 1615 1670 sd

464 1712 658 1793 presentiam
672 1726 814 1775 nostram
826 1713 924 1775 venit.
972 1712 1049 1783 (Ibi,
1060 1712 1092 1774 in
1109 1710 1413 1776 lestodscencionis
1431 1709 1614 1785 Dominice,

464 1832 534 1893 ipso
560 1826 593 1875 ct
618 1815 870 1899 :lrcliiepismps
897 1815 1096 1886 Coloniensi,
1118 1814 1321 1898 presentibus
1345 1813 1517 1896 multisque
1541 1811 1613 1877 sliis

466 1914 647 1997 llpiscopis,
661 1915 817 1988 Duellius,
828 1917 1024 1988 l'oniitibus,
1040 1916 1231 1990 llsronibus,
1241 1914 1443 1997 magnatibus
1453 1930 1485 1977 et
1495 1912 1614 1978 nobili·

464 2014 524 2076 bns
541 2018 627 2091 renni
645 2019 757 2085 nostri,
771 2020 952 2101 nostrisque
968 2017 1128 2094 fidelibus,
1140 2020 1172 2082 in
1188 2020 1263 2083 sede
1277 2018 1382 2101 magni
1401 2016 1523 2085 Karon,
1533 2038 1611 2082 cum

464 2118 702 2200 solernpnitnte,
717 2124 780 2203 qno
795 2121 913 2191 decuit,
935 2121 965 2183 in
988 2118 1073 2183 illius
1090 2123 1231 2193 nomine,
1246 2122 1301 2206 qui
1317 2119 1475 2205 superbos
1489 2119 1613 2203 dejicit,

463 2234 495 2283 et
520 2223 611 2304 inrisit
636 2223 774 2286 burniles
796 2224 826 2284 in
849 2221 1057 2295 sublimitate,
1073 2224 1153 2286 sscri
1172 2223 1308 2286 llomsni
1329 2222 1430 2305 Regni
1445 2232 1612 2304 sceptrum

462 2325 644 2407 recepimus
669 2338 702 2387 et
736 2347 910 2397 romonum
941 2324 1107 2388 lurissims
1147 2336 1296 2387 consorte
1327 2337 1437 2386 nostis
1463 2321 1613 2386 similiter

462 2427 575 2489 eodeni
592 2428 644 2490 die
660 2425 829 2490 nobiscum
854 2426 1086 2510 sollempniter,
1108 2439 1143 2488 ut
1165 2426 1284 2501 decuit,
1299 2438 1461 2489 coronsts.
1508 2423 1610 2487 Deni-

461 2550 523 2610 que
553 2530 637 2589 lesto
666 2529 887 2593 coronucionis
918 2544 1026 2593 nostre
1056 2552 1129 2592 eum
1157 2530 1281 2607 rutenis
1307 2526 1546 2611 sollempnitste
1576 2536 1611 2589 et

461 2630 577 2706 gaudio
587 2630 758 2704 celebrato,
768 2632 1022 2715 dilectorumque
1038 2631 1221 2715 Principum
1234 2642 1267 2693 ct
1276 2629 1411 2693 sliorum
1425 2640 1610 2691 nostrorum

463 2730 604 2794 tidelium
622 2755 718 2815 snper
740 2734 872 2811 speridis
890 2735 1009 2796 iiostris
1025 2734 1263 2797 communicmo
1275 2731 1422 2806 consilio,
1437 2731 1543 2794 risum
1558 2742 1610 2793 est

462 2831 555 2893 inibis
579 2846 611 2895 ct
637 2834 695 2909 eis,
711 2835 897 2899 cxsltstinni
930 2850 1039 2899 riostre
1064 2836 1172 2899 votive
1197 2835 1371 2919 plurimum
1394 2833 1556 2916 expedire,
1571 2844 1610 2895 ut

462 2937 569 2997 simini
594 2939 662 2999 sine
687 2959 774 2999 inore
797 2936 979 3020 dispendio,
996 2936 1209 3000 bumilistioni
1230 2950 1414 3001 nostrorum
1440 2933 1608 2999 rebellium

461 3040 677 3106 intendamus,
691 3051 725 3100 ct
750 3040 900 3123 precipue
925 3062 961 3101 nc
986 3040 1091 3123 primo
1115 3040 1154 3101 sd
1170 3039 1378 3119 confrigends
1397 3037 1471 3101 elsti
1487 3057 1610 3099 cornus

458 3140 674 3206 'lies-cremis,
691 3140 799 3203 ‹snisiis
826 3156 935 3203 nostru
959 3142 1124 3206 niolimins
1143 3155 1388 3217 csinrertsmus5
1412 3152 1458 3213 ut,
1472 3138 1557 3201 sicut
1573 3160 1610 3203 se

460 3245 597 3321 prinnini
626 3246 657 3305 in
687 3246 805 3303 nostris
830 3246 976 3319 licentiis,
1000 3267 1063 3307 non
1089 3257 1154 3307 tsm
1176 3243 1301 3325 justum
1322 3253 1355 3304 et
1376 3237 1611 3311 rstionsbilem,

459 3367 553 3425 qissnn
582 3344 798 3407 vnlnntnriurn
820 3348 988 3409 inminuit
1012 3345 1223 3421 turbatorem,
1239 3346 1284 3407 its
1307 3344 1411 3428 primo
1426 3341 1610 3427 expetistis!

459 3462 490 3507 et
507 3449 608 3508 ‹liwnt
625 3448 700 3529 qnid
726 3460 758 3509 et
785 3463 941 3530 ‹psnnturn
962 3463 1075 3514 contrs
1095 3472 1169 3513 eum
1195 3448 1298 3533 psssit
1324 3458 1356 3509 et
1373 3446 1476 3509 rslest
1492 3466 1608 3507 munius

460 3563 579 3611 nostro.
627 3550 675 3612 lle
693 3550 753 3611 boc
769 3564 876 3614 sutem
894 3554 1044 3637 precipue
1064 3566 1170 3615 certos
1185 3572 1256 3613 esse
1273 3571 1331 3611 ros
1347 3548 1507 3621 volumus,
1519 3546 1608 3632 quod

458 3665 580 3714 tsntsni
605 3654 672 3733 juin
700 3654 730 3714 in
748 3656 867 3716 ciuilio
888 3670 1072 3719 nostrornm
1095 3655 1236 3717 tidelium
1252 3666 1285 3716 rt
1301 3654 1462 3715 lsutnrum
1484 3652 1517 3713 in
1534 3650 1611 3719 Ale.

459 3756 588 3817 snsnnis
614 3755 730 3817 liubcrc
753 3757 945 3821 ‹onrnlimus
971 3771 1177 3842 prieststesn,
1193 3757 1279 3841 quod
1295 3756 1341 3818 cis
1357 3758 1390 3818 in
1407 3753 1480 3819 fidei
1498 3765 1608 3817 nostre

457 3858 555 3927 «isliu,
570 3860 648 3920 etin
664 3859 846 3922 devotionis
863 3874 971 3923 nostre
987 3862 1056 3923 selo
1071 3859 1274 3934 dursnnbus,
1284 3858 1402 3922 nullius
1418 3856 1556 3922 uisentis
1566 3856 1609 3919 sit
