3540 4830
737 459 914 503 raasson.
1328 441 1414 506 cxlix

214 611 320 669 verius
338 606 420 666 etatis
440 607 563 684 predicte
582 609 683 666 melius
704 611 776 667 scire
799 610 903 685 poterit
925 619 955 668 et
977 610 1090 686 inquiri,
1110 611 1213 686 capias.
1254 610 1294 669 Et
1314 614 1415 688 proba·

213 709 318 766 tionem
332 705 410 763 illam
424 706 464 762 sic
478 715 586 780 captam
600 707 681 763 nobis
694 708 723 762 in
737 708 903 765 cancellaria
923 716 1019 764 nostra
1032 706 1085 763 sub
1106 707 1198 783 sigillo
1211 716 1260 765 tuo
1273 718 1302 766 et
1316 710 1415 785 sigillis

213 820 312 860 eorum
325 820 374 878 per
396 820 467 877 quos
481 801 556 858 facta
576 802 630 858 fuit
651 802 710 858 sine
730 803 863 859 dilatione
883 804 979 859 mittas
1001 810 1031 858 et
1052 802 1107 859 boc
1127 803 1221 859 breve.
1263 803 1348 863 Teste
1369 824 1414 862 me

213 898 277 972 ipso
290 895 365 972 apud
380 896 672 964 westmonasterium,
686 899 735 954 1¹⁰
748 897 793 954 die
808 897 880 954 Maii
894 916 968 954 anno
982 898 1062 973 regni
1072 900 1160 954 nostri
1175 897 1291 956 decimo.
1325 899 1413 979 (auth

106 1006 113 1013 ·
215 991 296 1068 May,
313 990 433 1068 1409).”

255 1096 273 1125 “
282 1087 435 1154 Esuriens,
453 1089 503 1145 dc.
544 1090 619 1153 Quia
632 1088 792 1147 Willelmus
808 1088 935 1157 clifford,
958 1090 1097 1158 chevaler‚
1120 1092 1169 1167 qui
1184 1092 1308 1160 Annam,
1329 1113 1413 1151 unam

214 1181 368 1264 (utsupra,
383 1185 496 1240 mutatis
510 1182 675 1263 mutandis.)
719 1186 813 1251 Teste,
827 1193 861 1241 ut
874 1186 982 1263 supra.”

254 1281 396 1339 Pursuant
409 1289 438 1338 to
449 1281 527 1339 these
537 1284 613 1339 writs
627 1285 723 1359 proofs
737 1286 771 1342 of
782 1285 829 1343 the
839 1305 892 1362 age
903 1286 936 1341 of
946 1285 1025 1342 these
1036 1293 1091 1341 two
1102 1285 1264 1359 daughters,
1276 1285 1309 1341 of
1320 1286 1412 1343 whom

119 1448 127 1465 '
213 1378 299 1435 Anne
309 1396 366 1434 was
379 1376 428 1434 the
441 1377 540 1446 eldest,
550 1399 622 1436 were
637 1381 773 1459 severally
783 1381 869 1438 taken
881 1389 911 1437 at
923 1380 1098 1458 Coningsby‚
1110 1399 1146 1436 an
1160 1381 1304 1457 adjoining
1317 1382 1411 1457 parish

211 1481 242 1530 to
257 1473 438 1542 Tattershall,
452 1475 481 1530 in
494 1475 552 1531 this
565 1478 649 1543 form,
663 1495 694 1532 as
714 1477 739 1533 is
760 1486 802 1533 set
811 1477 888 1533 forth
907 1477 936 1532 in
950 1475 997 1532 the
1012 1474 1124 1532 records
1138 1476 1271 1533 returned
1291 1478 1351 1534 into
1364 1478 1412 1535 the

213 1568 370 1647 Chaucery.

252 1675 271 1701 “
281 1666 418 1725 Probacio
432 1668 513 1725 etatis
530 1669 613 1724 Anne
635 1670 717 1725 unius
738 1670 857 1727 tiliarum
871 1668 1046 1726 etheredum
1064 1667 1180 1735 Thome‚
1196 1687 1283 1743 nuper
1294 1670 1412 1726 Domini

211 1762 246 1821 de
261 1763 382 1822 Bardolf
400 1765 533 1831 defuncti,
548 1767 596 1840 qui
611 1765 645 1822 de
661 1766 741 1841 Rege
754 1766 844 1822 tenuit
858 1765 887 1820 in
901 1764 1001 1839 capite,
1016 1783 1098 1838 quem
1108 1763 1268 1820 Willelmus
1284 1763 1411 1833 Clifford,

210 1859 349 1929 chevaler,
370 1861 451 1919 duxit
470 1863 499 1918 in
520 1881 645 1929 uxorem,
667 1874 748 1938 capta
768 1862 843 1937 apud
865 1860 1054 1938 Conyngesby
1068 1861 1096 1916 in
1117 1860 1251 1916 comitatu
1265 1859 1411 1919 Lincoinie

211 1957 255 2015 die
268 1960 378 2016 veneris
391 1961 517 2035 proximo
530 1969 594 2035 post
609 1960 713 2017 festum
728 1961 863 2036 Corporis
878 1959 984 2018 Christi
998 1978 1073 2015 anno
1094 1957 1172 2033 regni
1189 1958 1276 2033 Regis
1292 1957 1410 2016 Henrici

211 2056 303 2132 quarti
323 2056 431 2113 decimo
452 2057 486 2133 (7
502 2056 585 2123 June,
605 2059 708 2135 1409),
729 2077 824 2115 coram
843 2057 973 2115 Johanne
995 2056 1115 2130 Henege
1131 2054 1282 2112 Escaetore
1304 2056 1410 2112 domini

212 2151 299 2228 Regis
312 2153 341 2208 in
355 2154 489 2210 comitatu
502 2153 635 2228 predicto,
647 2156 750 2211 virtute
765 2156 856 2211 brevis
868 2155 935 2210 dicti
948 2153 1055 2209 domini
1071 2152 1159 2227 Regis
1173 2153 1262 2209 eidem
1276 2155 1410 2210 escaetori

200 2247 309 2305 'directi
328 2256 358 2305 ct
377 2248 444 2305 huie
465 2249 623 2323 probationi
647 2251 764 2317 consuti,
786 2270 837 2325 per
858 2258 1062 2306 sacramentum
1083 2248 1228 2304 duodecim
1249 2249 1409 2323 juratorum

210 2346 431 2421 subscriptorum
457 2353 487 2400 et
514 2363 597 2420 super
621 2354 723 2402 etatem
751 2347 858 2422 prefate
888 2347 972 2401 Anne
999 2344 1239 2410 examinatorum
1270 2343 1408 2410 videlicet,

212 2442 318 2519 Rogeri
341 2441 443 2510 Kellis,
457 2443 539 2499 etatis
558 2443 586 2498 lx
600 2462 745 2509 annorum,
768 2462 819 2517 pro
834 2463 863 2499 se
882 2443 916 2499 de
936 2451 1010 2499 etate
1030 2442 1137 2517 prefate
1153 2443 1237 2497 Anne
1251 2441 1411 2508 examinati,

209 2541 257 2616 qui
271 2539 341 2596 dicit
354 2539 429 2614 quod
443 2540 552 2615 prefata
563 2540 650 2596 Anna
659 2548 702 2596 est
715 2540 796 2596 etatis
811 2540 857 2594 xix
870 2558 1006 2595 annorum
1027 2548 1055 2594 et
1074 2537 1202 2613 amplius.
1245 2537 1409 2612 Requisitus

209 2636 329 2712 qualiter
342 2637 395 2693 hoc
410 2637 471 2703 scit,
486 2636 641 2711 dicitquod
656 2636 752 2692 eadem
768 2637 853 2692 Anna
871 2643 936 2690 nata
949 2635 1004 2691 fuit
1021 2634 1049 2690 in
1064 2642 1155 2691 castro
1169 2634 1204 2690 de
1220 2634 1364 2691 Tateraale
1378 2637 1408 2691 in

209 2734 340 2790 comitatu
360 2732 485 2809 predicto
507 2741 535 2789 et
555 2733 584 2788 in
605 2732 720 2790 ecclesia
739 2731 891 2807 parochiali
905 2730 1030 2806 ejusdem
1044 2730 1110 2787 ville
1131 2732 1272 2806 baptizata
1292 2732 1320 2788 in
1335 2732 1410 2790 festo

209 2829 361 2887 nativitatis
375 2832 465 2886 sancti
481 2829 618 2888 Johanuis
633 2829 759 2905 Baptiste
772 2849 846 2886 auno
866 2829 945 2904 regni
960 2829 1063 2884 domini
1079 2828 1201 2896 Ricardi‚
1216 2848 1304 2904 nuper
1320 2829 1407 2905 Regis

210 2925 315 3002 Anglie
329 2926 401 2992 xiii⁰;
422 2945 479 3002 quo
501 2927 547 2982 die
567 2926 640 2982 idem
657 2927 785 3001 Rogerus
806 2925 907 2983 ibidem
929 2945 1041 3001 presens
1061 2927 1116 2982 fuit
1135 2935 1164 2982 et
1177 2926 1247 2982 vidit
1267 2925 1407 3001 quendam

208 3021 313 3079 iontem
327 3022 361 3079 de
376 3042 449 3080 novo
462 3023 568 3079 factum
582 3023 611 3078 iu
625 3022 700 3079 dicta
712 3023 836 3089 ecclesia,
851 3024 951 3096 inquo
965 3022 1043 3078 fonte
1057 3021 1131 3078 dicta
1147 3022 1232 3077 Anna
1245 3030 1304 3077 erat
1318 3021 1408 3096 prima

208 3137 326 3194 persona
341 3139 396 3196 que
419 3120 614 3195 baptizabatur
628 3129 776 3196 postquam
790 3120 829 3176 sic
844 3121 878 3177 de
892 3139 966 3176 novo
979 3120 1071 3176 factus
1088 3118 1152 3185 fuit,
1167 3127 1198 3174 ut
1212 3118 1364 3184 dicebatur,
1378 3126 1407 3174 et

208 3215 247 3272 sic
267 3214 302 3272 de
323 3224 398 3273 etate
419 3216 541 3292 predicte
557 3217 641 3273 Anne
661 3218 732 3273 hene
753 3217 851 3274 recolit
872 3225 900 3272 et
920 3216 1076 3291 cognoscit.
1119 3215 1254 3272 Willelmi
1270 3214 1406 3278 Taillour,

207 3312 291 3370 etatis
304 3312 333 3368 lx
347 3331 493 3379 annorum,
505 3321 537 3369 ut
551 3313 720 3389 premittitur
733 3312 891 3379 examinati,
906 3312 954 3386 qui
968 3311 1034 3367 dicit
1048 3309 1124 3386 quod
1138 3310 1248 3385 prefata
1263 3311 1350 3367 Anna
1363 3319 1406 3366 cst

207 3410 287 3465 etatis
300 3410 347 3466 xix
360 3429 497 3467 annorum
512 3412 681 3487 etamplius.
723 3411 888 3485 Requisitus
902 3408 1022 3485 qualiter
1035 3408 1089 3464 hoc
1104 3407 1164 3472 ecit,
1179 3406 1246 3463 dicit
1260 3406 1335 3480 quod
1348 3407 1406 3480 ipse

207 3504 282 3560 dicto
293 3504 337 3561 die
350 3508 503 3564 nativitatis
518 3515 545 3564 et
556 3508 756 3582 baptizaciouis
770 3506 893 3583 predicte
909 3510 992 3561 Anne
1003 3505 1057 3561 fuit
1070 3505 1098 3560 in
1112 3502 1228 3560 ecclesia
1241 3501 1366 3577 predicta
1377 3511 1406 3557 et

205 3601 297 3657 tenuit
311 3602 448 3675 quendam
462 3623 573 3661 cereum
584 3613 709 3679 tempore
722 3604 844 3678 predicte
858 3602 1068 3675 baptizacionis,
1079 3620 1112 3657 ac
1125 3601 1209 3656 etiam
1223 3599 1292 3655 fecit
1303 3607 1404 3663 vestes,

205 3697 307 3772 quibus
318 3699 426 3766 Aricia,
437 3710 526 3757 mater
536 3701 608 3757 dicte
621 3702 712 3766 Anne,
720 3707 780 3754 erat
791 3697 935 3772 purificata
945 3706 973 3751 ct
982 3697 1022 3752 sic
1032 3696 1103 3752 bene
1114 3694 1212 3751 recolit
1222 3702 1251 3751 et
1259 3696 1405 3769 cognoscit

205 3792 240 3850 de
260 3802 334 3851 etate
348 3796 455 3870 prefate
472 3797 566 3854 Anne.
619 3794 754 3851 Willelmi
769 3793 802 3849 do
818 3792 920 3869 Kyme,
942 3793 1024 3848 etatis
1038 3792 1048 3847 l
1062 3811 1200 3848 annorum
1223 3801 1252 3848 et
1275 3791 1403 3868 amplius,

204 3890 343 3948 Johannis
359 3893 510 3968 Hughson‚
533 3893 614 3949 etatis
628 3893 638 3948 l
652 3910 790 3949 annorum
810 3898 838 3947 et
856 3889 983 3964 amplius,
1006 3910 1057 3967 pro
1072 3910 1101 3946 se
1123 3889 1281 3964 separatim,
1296 3901 1327 3946 ut
1342 3910 1405 3966 pre-

204 3989 331 4057 mittitur,
342 3991 571 4058 examinatorum,
583 3991 630 4065 qui
642 3990 738 4047 dicunt
750 3990 825 4064 quod
836 3988 958 4064 predicta
971 3990 1056 4047 Auno
1066 3998 1107 4045 cst
1119 3990 1201 4046 ctntis
1212 3991 1256 4046 xix
1267 4008 1405 4047 anuorunr
