3540 4830
441 440 698 487 vrcacorrrrnu
724 443 1010 490 cosnournnuu.
1239 431 1295 489 151

151 591 300 658 buissent
322 614 502 672 assensum,
526 593 569 658 ad
583 615 680 679 quem
704 595 884 660 voluissent
907 595 942 660 in
969 593 1122 675 Ciuitate,
1145 595 1303 681 quiesset

153 695 262 759 Maior
276 716 399 775 eorum,
414 705 448 760 et
462 695 571 780 ipsum
583 706 807 781 presentarent
822 697 966 761 Domino
982 696 1074 782 Regi,
1089 708 1123 762 et
1138 697 1302 763 Dominus

153 799 224 863 Rex
250 800 357 884 ipsum
383 799 568 864 admitteret
596 799 629 863 in
659 798 828 865 maioratu.
874 802 1018 887 Populus
1040 811 1149 866 tamen
1175 820 1304 886 semper

153 901 322 980 clamabat,
342 902 427 966 sicut
452 912 546 967 antea
570 902 693 966 dictum
720 911 781 968 est.
822 903 959 967 Nullum
979 912 1088 969 autem
1110 924 1303 989 responsum

152 1013 331 1088 potuerunt
345 1013 452 1089 partes
467 1002 610 1088 predicte
632 1002 751 1068 habere
774 1004 814 1069 de
835 1005 923 1090 Rege
938 1015 972 1070 et
997 1004 1142 1071 Consilio
1163 1025 1223 1069 suo
1246 1026 1305 1090 per

152 1107 262 1191 plures
276 1107 357 1172 dies.

199 1209 257 1273 Set
285 1205 507 1286 Aldermanni,
532 1229 606 1272 cum
628 1207 692 1271 illis
713 1206 769 1293 qui
787 1207 983 1274 adheserunt
1004 1208 1062 1289 eis,
1085 1219 1119 1275 et
1140 1209 1305 1294 predictus

153 1310 331 1390 Walterus,
343 1333 418 1375 cum
433 1309 659 1374 innumerabili
674 1310 806 1395 populo,
817 1311 872 1395 qui
888 1309 1064 1377 submoniti
1080 1322 1172 1377 erant
1187 1312 1305 1377 cotidie

154 1411 215 1477 sub
242 1414 353 1478 eadem
379 1435 464 1499 pena
489 1423 523 1478 et
548 1413 654 1477 modis
677 1412 829 1477 omnibus
854 1413 939 1478 sicut
961 1424 1056 1479 antea
1079 1423 1228 1479 notatum
1244 1424 1305 1493 est,

154 1526 315 1580 venerunt
337 1516 378 1579 ad
393 1516 721 1581 Westmonasterium
745 1515 879 1602 singulis
903 1514 1018 1582 diebus
1030 1515 1070 1580 de
1085 1515 1138 1579 die
1159 1515 1194 1579 in
1218 1516 1305 1581 diem

155 1641 258 1703 usque
273 1620 314 1682 ad
329 1620 448 1683 festum
465 1619 576 1683 Sancti
592 1618 738 1684 Martini.

199 1723 244 1785 Et
269 1722 514 1785 memorandum
540 1721 627 1806 quod
653 1721 821 1806 cumipse
837 1720 1000 1785 Walterus
1029 1720 1242 1786 intellexisset
1270 1743 1306 1786 se

155 1823 335 1908 incuperari
345 1846 363 1886 a
372 1823 578 1907 quibusdam,
589 1843 628 1886 eo
644 1822 730 1907 quod
742 1821 812 1908 ipse
822 1822 918 1886 vellet
932 1843 1004 1887 esse
1020 1822 1129 1887 Maior
1143 1822 1306 1900 Civitatis,

157 1925 212 2011 qui
222 1925 382 2003 dixerunt,
399 1930 419 1965 “
431 1926 551 1990 Nullus
567 1925 665 1990 debet
675 1924 966 2010 hubereballivam,
975 1924 1031 2010 qui
1043 1946 1114 1990 eam
1126 1925 1307 2004 desiderat3

156 2050 232 2092 narn
253 2029 334 2093 tales
354 2029 400 2092 nil
415 2029 558 2114 cogn'tant
578 2030 618 2094 de
633 2028 838 2114 promotione
850 2026 1070 2113 subjectorum
1091 2050 1236 2107 suorum,
1257 2040 1308 2093 set

157 2129 361 2195 solummodo
377 2130 417 2195 de
432 2131 637 2216 promotione
652 2152 764 2195 eorum
780 2129 942 2215 propria.'’
974 2129 1027 2194 Ad
1038 2129 1127 2215 quod
1141 2129 1307 2215 predictus

157 2233 322 2297 Walterus
334 2233 397 2297 tale
413 2232 503 2297 dedit
518 2253 711 2319 responsum
721 2231 872 2317 gentibus
888 2231 950 2296 sibi
961 2231 1245 2298 circumstantibus
1261 2233 1308 2296 nl·

157 2333 301 2412 firmans,
310 2343 344 2397 et
350 2335 464 2417 jurans
476 2355 534 2419 per
548 2334 658 2398 Deum
668 2343 702 2398 et
716 2355 774 2419 per
788 2333 929 2396 animam
939 2354 1042 2411 suam,
1052 2334 1140 2417 quod
1154 2333 1224 2418 ipse
1239 2355 1307 2398 non

157 2435 353 2500 desideravit
366 2457 437 2500 esse
462 2435 570 2501 Maior
591 2436 644 2501 vel
658 2434 772 2519 uliquis
788 2434 869 2498 alius
883 2433 1022 2498 ballivus
1036 2435 1071 2498 in
1092 2434 1233 2499 Ciuitate
1247 2455 1308 2520 pro

157 2558 213 2613 se;
236 2546 286 2600 set
299 2557 358 2620 pro
374 2557 482 2601 arnore
498 2537 572 2616 Dei,
588 2546 622 2602 et
635 2534 777 2601 caritatis
800 2534 932 2615 intuitu,
946 2536 1045 2601 vellet
1058 2536 1138 2602 illud
1152 2537 1259 2602 honus
1274 2548 1309 2603 et

157 2637 248 2701 illum
272 2637 414 2702 laborem
439 2638 609 2716 sustinere,
632 2647 671 2702 ut
694 2645 808 2721 posset
830 2658 988 2722 pauperes
1003 2636 1043 2703 de
1058 2638 1188 2703 civitate
1211 2639 1310 2703 susti·

157 2760 234 2803 nere
252 2749 365 2803 contra
379 2738 506 2818 divites,
529 2740 584 2824 qui
598 2739 714 2803 volunt
727 2738 817 2824 ipsos
831 2738 1013 2824 opprimere
1028 2739 1061 2804 in
1076 2739 1212 2826 tallsgiis
1226 2749 1261 2804 et
1275 2740 1309 2805 in

158 2840 343 2927 sumptibus
358 2841 390 2904 in
408 2840 548 2906 Ciuitate
562 2842 667 2906 lactis.
731 2911 738 2926 ‚

203 2944 243 3007 ln
263 2945 347 3008 festo
363 2952 471 3007 autem
487 2943 633 3028 predicto
649 2943 761 3008 Sancti
776 2943 924 3023 Martini,
935 2944 981 3008 illi
993 2944 1034 3010 de
1049 2944 1196 3010 Consilio
1212 2944 1310 3031 Regis

157 3045 305 3109 videntes
317 3044 416 3108 nichil
427 3045 582 3128 prolicere
596 3045 637 3109 ad
652 3044 732 3109 illud
742 3045 906 3130 negotium
919 3045 1145 3131 elongandum‚
1157 3059 1310 3111 vocantes

159 3166 266 3210 coram
285 3166 320 3208 se
335 3145 574 3210 Alderrnannos
590 3157 624 3210 et
634 3145 899 3211 Walterumcum
909 3146 1120 3232 complicibus
1132 3147 1211 3226 suis,
1221 3146 1312 3211 dixe·

159 3256 237 3309 runt
252 3245 309 3323 eis,
335 3247 532 3312 “Dominus
554 3248 624 3311 Rex
646 3247 718 3312 vult
740 3269 855 3313 omnes
880 3247 1044 3312 libertates
1058 3257 1183 3312 vestras
1203 3247 1311 3313 illesas

160 3367 360 3423 conservare,
383 3355 418 3410 et
442 3368 517 3411 cum
542 3368 603 3410 vos
624 3368 691 3411 non
717 3346 865 3431 poteritis
888 3346 1085 3411 unanimiter
1098 3347 1255 3412 assentire
1268 3348 1335 3431 ad,

160 3470 262 3512 unum
279 3447 438 3511 Maiorem
453 3447 648 3532 eligendum,
663 3448 732 3533 ipse
747 3449 829 3525 vult,
844 3450 932 3533 quod
946 3458 980 3512 et
994 3448 1159 3514 Walterus
1178 3449 1311 3536 Herevy

160 3562 194 3615 et
220 3549 390 3634 Philippus
417 3550 446 3614 le
475 3549 597 3613 Taillur
620 3561 831 3615 amoveantur
852 3572 872 3615 a
894 3550 1062 3629 maiorem,
1084 3560 1119 3616 et
1140 3551 1228 3638 quod
1250 3572 1311 3615 ros

160 3651 306 3718 habeatis
320 3674 421 3716 unum
439 3652 607 3718 custodem
618 3653 658 3718 de
669 3653 925 3738 nobismetipsis,
939 3651 995 3737 qui
1010 3674 1069 3738 per
1083 3674 1135 3717 nra
1150 3653 1313 3718 custodiat

162 3756 337 3821 Civitatem
353 3756 393 3819 ad
409 3777 491 3841 opus
518 3777 638 3835 meum,
662 3756 758 3820 etad
781 3777 865 3841 opus
888 3755 1040 3820 Edwardi
1065 3755 1123 3819 lilii
1148 3755 1222 3819 mei.
1267 3756 1314 3819 Et

161 3869 241 3923 tunc
264 3857 375 3922 statim
401 3857 563 3921 Henricus
583 3857 623 3921 de
645 3857 792 3922 Frowick
815 3857 920 3922 lactus
941 3866 994 3921 est
1015 3855 1137 3920 Custos
1152 3855 1314 3935 Civitatis,

161 3972 200 4025 ut
228 3985 299 4027 carn
323 3962 502 4027 custodiret
523 3983 627 4047 usque
651 3961 691 4027 ad
714 3962 834 4027 festum
865 3961 976 4028 Sancti
1008 3960 1138 4026 Hillsrii
1167 3960 1316 4045 proximo
