3540 4830
485 521 741 567 vicaconrruar
771 518 1055 563 nosnoursnuu.
1302 494 1343 563 73

237 672 364 751 Postea,
390 674 529 760 septimo
555 673 682 738 decimo
707 671 759 736 die
776 668 887 735 Martii
914 669 1022 734 Maior
1045 656 1564 781 1¹⁰¹¹d⁰¹¹5⁸¹¹¹¹¹¹⁶tsffiffjffffijffm

191 774 401 841 Aldermanni
438 778 472 840 in
511 777 656 841 Ecclesia
693 776 804 839 Sancti
843 773 934 837 Pauli
970 774 1118 837 fecerunt
1152 767 1340 833 fidelitatem
1354 742 1563 862 „inanimam

193 876 336 941 Domino
363 878 443 963 Regi
462 888 541 942 tunc
566 878 686 942 ibidem
713 876 875 956 existenti,
891 885 925 941 et
938 875 991 939 die
1008 872 1180 939 Dominica
1194 867 1341 953 sequenti
1354 860 1552 962 ζ’ὦᾝξῶιζω

189 1000 304 1043 omnes
333 981 374 1045 de
413 981 565 1059 Ciuitate,
594 981 690 1045 etatis
720 980 892 1044 duodecim
921 998 1081 1043 annorum
1119 985 1153 1039 et
1188 970 1341 1057 amplius,
1353 980 1415 1054 qamt
1427 982 1465 1027 un
1484 951 1562 1055 29:125]

191 1078 337 1146 leccmnt
360 1083 498 1147 eundern
526 1092 763 1148 sacramentum
787 1080 924 1166 quilibet
945 1081 978 1144 in
1003 1078 1126 1143 Warda
1150 1098 1210 1141 sua
1232 1094 1338 1139 coram
1354 1046 1562 1171 ,fl'ssfjssss‘ssssfmff

189 1183 409 1248 Aldermanno
425 1208 495 1249 suo.
1352 1190 1475 1284 2:¹2⁶?
1485 1182 1515 1283 ‘f‘

235 1285 352 1351 Postea
368 1287 451 1351 inter
468 1288 590 1351 Pascha
600 1296 634 1351 et
650 1287 863 1351 Pentecosten
878 1296 949 1350 orta
963 1297 1013 1351 cst
1028 1284 1166 1369 quedam
1182 1276 1339 1346 discordia
1353 1254 1422 1348 mii
1429 1254 1553 1365 diiambi

188 1386 273 1452 intcr
303 1388 467 1454 Comitem
496 1389 697 1453 Glouvernie
726 1397 760 1453 et
789 1387 952 1452 Comitem
976 1385 1162 1462 Leicestrie,
1194 1381 1339 1447 Domino
1352 1367 1558 1479 ssffwffl'ffss

192 1490 279 1575 Rege
294 1501 372 1556 tunc
387 1493 543 1576 temporis
566 1492 726 1557 existente
741 1490 827 1575 apud
844 1490 1089 1554 Glouvemiam.
1125 1488 1246 1552 Comes
1261 1504 1338 1547 vero
1348 1448 1427 1557 pmii.-
1452 1448 1558 1571 “ntiae

189 1592 388 1658 Glouvernie
398 1594 491 1672 dixit,
507 1598 527 1630 “
536 1594 624 1679 qubd
639 1594 748 1679 plures
760 1592 897 1670 articuli,
908 1592 963 1677 qui
973 1590 1094 1676 provisi
1103 1590 1236 1652 fucmnt
1250 1584 1336 1670 apud
1352 1576 1389 1671 22
1400 1560 1523 1671 „ms

188 1696 350 1760 Osoniam
361 1708 394 1761 ct
409 1697 496 1782 apud
506 1698 641 1775 Liawes,
656 1718 723 1761 non
738 1698 870 1759 fuerunt
883 1694 1024 1781 plenarie
1034 1691 1196 1758 observati
1208 1689 1240 1768 ;'’
1255 1709 1337 1773 quos
1350 1704 1394 1799 qu
1409 1690 1559 1800 ’Ἥρω

186 1799 338 1863 articulos
369 1799 476 1862 dictus
507 1798 627 1864 Comes
665 1799 776 1884 posuit
804 1799 838 1862 in
869 1797 1009 1883 scriptis.
1075 1795 1181 1879 Super
1217 1789 1334 1877 quibus
1352 1760 1487 1863 teissim
1497 1770 1560 1863 iffi

186 1902 322 1986 predicti
346 1901 492 1966 Comites
516 1902 691 1967 Glovcnrie
716 1912 750 1966 ct
776 1901 950 1966 leicestrie
976 1909 1157 1985 posuerunt
1171 1919 1217 1974 se,
1232 1882 1559 1959 sacra-dd‘¹““‘¹“”“·”

188 2014 299 2067 mento
324 2004 460 2089 prestito
487 2015 520 2068 et
545 2026 603 2089 per
632 2003 740 2068 literas
771 2026 846 2067 suas
883 2002 1099 2087 obligatorias,
1135 2001 1170 2063 in
1204 1996 1336 2062 arbitrio
1350 2014 1514 2089 nauseante

188 2105 344 2190 Episcopi
369 2106 557 2191 Wygornic,
582 2105 708 2170 domini
735 2103 887 2189 Hugonis
917 2105 947 2169 le
984 2106 1179 2188 Despenser,
1213 2098 1336 2164 domini
1349 2082 1559 2193 {fflfflzz

186 2208 347 2272 Johannis
362 2208 419 2272 filii
434 2208 456 2273 J
459 2209 608 2287 ohannis,
624 2218 656 2271 et
677 2206 801 2271 domini
813 2206 981 2270 Willielmi
996 2206 1037 2271 de
1053 2206 1171 2269 Monte
1183 2202 1335 2271 Canisiot
1351 2208 1556 2282 ‹anianaem-

185 2309 274 2393 quod
289 2310 329 2373 ad
344 2310 496 2374 effectum
511 2332 578 2374 non
593 2309 694 2373 venit.
1348 2279 1399 2319 ‘m'

231 2411 304 2474 lloc
326 2434 413 2476 anno
439 2433 498 2496 per
522 2433 691 2475 assensum
714 2419 748 2475 et
771 2431 965 2474 consensum
980 2408 1183 2495 quorundam
1199 2408 1335 2493 Magna-
1348 2442 1557 2505 mmmm

186 2522 255 2576 tum
281 2513 408 2598 Anglic,
434 2515 566 2592 scilicet,
593 2514 733 2579 Comitis
758 2514 933 2578 Leicestrie
956 2523 991 2579 et
1020 2513 1161 2577 filiorum
1190 2508 1526 2592 suorum,t”''”'!'!‘1'‘”²,

187 2615 335 2680 homines
347 2616 388 2680 de
405 2616 558 2699 Quinque
574 2615 738 2679 Portubus
753 2616 988 2700 navigaverunt
1006 2636 1065 2700 per
1086 2636 1173 2679 mare
1188 2615 1222 2679 in
1237 2615 1333 2680 caleis
1347 2580 1412 2619 ‘m
1424 2590 1450 2619 ’κ
1463 2590 1533 2622 'm'

184 2728 219 2783 ct
233 2718 303 2781 aliis
318 2718 467 2797 navibus,
482 2719 697 2803 depredantes
718 2737 832 2782 omnes
855 2740 936 2804 quos
959 2718 1153 2783 invencmnt
1167 2718 1334 2782 venientes

185 2823 220 2887 in
243 2824 393 2908 Angliam
418 2845 475 2887 seu
500 2832 667 2901 exeuntes,
694 2832 728 2887 et
749 2822 900 2886 homines
922 2821 1093 2886 cmdcliter
1114 2820 1278 2905 ejecerunt
1298 2818 1333 2882 in

184 2948 283 3005 mare,
309 2927 392 2991 nulli
415 2936 595 3011 parcentes,
625 2936 693 2991 tam
723 2926 876 3011 Anglicos
906 2949 1002 3011 quarn
1032 2922 1236 3008 alienigenas.
1281 2922 1333 2985 De

184 3037 253 3092 tota
281 3051 358 3094 vero
386 3028 616 3114 depredatione
646 3028 752 3092 dictus
783 3027 903 3092 Comes
935 3024 1109 3091 Leicestrie
1131 3034 1166 3090 et
1194 3024 1252 3087 filii
1282 3023 1332 3087 sui

182 3142 406 3215 perceperunt,
422 3141 460 3194 ut
474 3131 650 3211 dicebatur,
665 3131 793 3196 tertiam
809 3141 945 3216 partem.

228 3233 354 3311 Postea,
379 3234 431 3296 die
456 3233 550 3298 Joris
575 3235 609 3297 in
637 3233 817 3319 septimana
841 3233 1062 3310 Pentecostes,
1085 3230 1248 3294 Dominus
1263 3230 1330 3293 Ed·
1344 3256 1461 3303 rma„
1472 3258 1523 3305 nr.

182 3334 310 3397 wardus
333 3336 466 3399 recessit
492 3336 532 3400 de
557 3336 749 3400 Herefordia
772 3335 841 3400 sine
863 3335 1006 3412 licencia,
1020 3330 1235 3398 existentibus
1250 3322 1535 3433 tuncfl’ffifflssf‘

181 3435 301 3500 ibidem
320 3437 463 3501 nomino
480 3438 578 3523 aege,
594 3438 723 3502 comae
746 3436 931 3515 serastes,
953 3446 987 3499 et
1002 3434 1111 3499 muita
1131 3433 1201 3497 aaa
1217 3432 1327 3497 comi.
1340 3402 1551 3523 sesima·-

181 3537 269 3601 tibus
285 3548 318 3600 ct
335 3536 537 3616 Baronibua3
561 3547 594 3601 et
623 3538 787 3623 profectus
802 3547 854 3601 est
867 3558 980 3600 versus
997 3534 1167 3600 Castriam.
1339 3512 1468 3562 calaum.

227 3641 344 3703 Postea
371 3640 532 3703 Dominus
555 3640 746 3717 Edwardus,
768 3639 922 3703 comitato
944 3658 1053 3702 secum
1077 3636 1207 3702 Comitc
1224 3635 1328 3701 Glou·

181 3742 290 3806 rernie
316 3752 348 3806 et
375 3741 557 3806 Baronibus
583 3741 624 3805 de
648 3741 794 3805 biarchis
819 3750 854 3805 ct
877 3740 959 3819 aliis,
980 3748 1014 3803 et
1028 3738 1126 3803 etiam
1142 3738 1272 3804 Cornite
1287 3739 1327 3803 de

181 3844 356 3908 Warennia
371 3854 404 3907 ct
419 3842 595 3908 Willielmo
610 3844 651 3908 de
665 3842 829 3920 Valencia,
853 3842 910 3927 qui
932 3862 1036 3927 nuper
1057 3852 1152 3906 antea
1165 3841 1328 3926 applicue-

180 3958 257 4013 runt
282 3947 369 4032 apud
396 3946 557 4026 Pcnbrok,
580 3947 668 4032 cepit
694 3945 904 4010 Glosemiam
930 3955 964 4009 et
990 3944 1180 4009 Castellum.
1234 3946 1327 4009 Tunc

180 4046 344 4113 Dominus
386 4050 455 4116 Rex
485 4072 542 4137 per
578 4051 725 4137 iniquum
762 4048 934 4115 consilium
970 4048 1131 4114 concessit
1166 4059 1203 4114 et
1236 4050 1327 4115 dedit

222 4174 297 4217 CAM
304 4175 336 4218 D·
360 4174 434 4219 800.
741 4174 762 4217 b
