3540 4830
488 476 529 532 92
846 484 1006 529 (ansus
1032 482 1207 527 uaioavar
1234 482 1278 525 aa

489 640 744 724 depredaverunt
773 650 807 701 et
836 636 936 700 inulta
961 635 1042 698 mala
1065 635 1210 697 iecerunt
1235 633 1268 696 in
1295 632 1428 717 Sureya,
1452 632 1576 699 Carrei·
1599 648 1637 699 et

488 742 574 805 alibi.
606 742 672 806 (lui
695 752 738 818 et,
762 762 820 825 pro
841 740 944 815 dolor]
963 750 997 801 et
1020 736 1128 799 nelos!
1164 736 1195 798 in
1219 732 1346 797 butellis
1367 750 1573 801 acoeaoeruat
1591 738 1637 801 ad

489 843 815 907 ll'estmonasteriurn
831 853 864 905 et
879 841 922 903 ibi
939 837 1168 903 mutilaverunt
1183 835 1338 919 palatium
1363 835 1496 899 Domini
1523 838 1636 923 Regin,

487 942 671 1024 frangentes
686 939 864 1013 cathedras,
879 939 1047 1015 fenestras,
1062 950 1095 1001 et
1111 938 1227 1013 hostia,
1239 948 1272 1001 et
1286 937 1437 1021 quioquid
1453 950 1637 1023 potuerunt

489 1054 703 1125 asportantes.
750 1042 793 1103 Et
822 1041 895 1104 licet
919 1040 1039 1105 Comes
1064 1040 1192 1103 iecisset
1215 1039 1333 1103 cotidie
1359 1038 1566 1123 proclamare,
1591 1064 1636 1109 ne

489 1144 561 1227 quis
587 1143 707 1227 aliquid
734 1143 952 1227 deprednsset‚
985 1153 1091 1204 tuanen
1119 1140 1228 1225 plures
1260 1138 1301 1202 de
1329 1138 1469 1204 Ciuitate
1500 1140 1636 1209 tucrum

490 1245 666 1328 depredati,
705 1245 791 1309 unde
822 1246 942 1307 Comes
967 1244 1008 1307 de
1031 1240 1223 1327 quibusdam
1251 1241 1326 1303 lecit
1351 1240 1418 1303 lieri
1449 1240 1635 1325 judicium

489 1345 620 1417 scilicet,
635 1369 699 1408 una
714 1348 782 1409 vice
805 1358 943 1429 quatuor
964 1344 1141 1407 servientes
1160 1343 1283 1406 domini
1299 1342 1464 1407 ll'iliielrni
1487 1343 1528 1409 de
1555 1344 1636 1409 Fer·

489 1450 590 1522 rariis,
605 1450 659 1531 qui
676 1450 805 1511 iiicmnt
820 1449 853 1510 in
866 1469 930 1508 una
942 1444 1181 1529 depredatione,
1194 1443 1249 1507 ubi
1264 1467 1349 1507 arvus
1364 1442 1556 1510 decivitate
1570 1446 1637 1511 luit

488 1550 623 1626 occisus,
639 1550 712 1612 feeit
730 1551 811 1634 ipse,
827 1548 930 1627 ligatis
947 1546 1095 1608 matribus
1110 1560 1142 1608 et
1159 1544 1306 1629 pedibus,
1321 1544 1476 1629 projicere
1497 1544 1530 1607 in
1544 1546 1634 1611 'tna-

487 1651 624 1722 nrisiarn,
644 1663 677 1714 et
700 1650 744 1713 ini
768 1650 913 1725 ‹liincrgi
959 1647 1002 1709 lit
1018 1646 1081 1709 talo
1096 1647 1156 1709 luit
1168 1646 1326 1729 judicium
1343 1665 1400 1730 per
1420 1656 1527 1709 tntum
1551 1646 1634 1711 illud

487 1764 616 1835 tempus
632 1752 672 1815 de
687 1751 879 1835 dampnatis.

534 1856 659 1927 l’oatea,
674 1856 706 1917 in
723 1856 902 1938 septimana
919 1866 991 1936 post
1009 1854 1127 1915 festum
1143 1852 1261 1915 Sancte
1282 1849 1462 1927 Trinitatis,
1483 1872 1546 1936 pax
1569 1852 1635 1918 tuit

488 1958 624 2019 lorniata
639 1957 723 2019 inter
746 1956 922 2017 Dominum
948 1956 1066 2033 liegein
1091 1968 1126 2019 et
1149 1955 1311 2019 Comitem
1335 1976 1393 2039 per
1414 1955 1535 2035 Regem
1556 1954 1636 2021 Ata-

487 2060 617 2121 inannie
642 2070 675 2119 et
702 2057 879 2119 lioniinunr
908 2054 1097 2134 llenrieunr,
1122 2057 1224 2121 lilium
1251 2080 1359 2135 suum,
1384 2070 1418 2121 et
1446 2057 1635 2143 Philippum

490 2161 615 2233 Basset‚
631 2160 685 2243 qui
703 2158 892 2220 multotiens
908 2180 942 2219 se
959 2158 1212 2235 intromiserunt,
1226 2172 1259 2221 et
1276 2181 1333 2243 per
1355 2160 1453 2235 alios3
1476 2162 1522 2225 ita
1544 2164 1636 2247 quod

489 2274 567 2325 tunc
595 2263 714 2323 l'onies
743 2259 875 2321 recessit
905 2280 978 2321 euni
1005 2261 1071 2322 suis
1100 2282 1119 2321 a
1150 2260 1291 2325 Civitate
1314 2272 1348 2324 et
1373 2260 1556 2347 hospitatus
1583 2278 1637 2331 est

490 2364 523 2425 in
547 2363 691 2425 Suwerli.
734 2361 776 2423 Et
807 2359 966 2423 Dominus
1001 2362 1079 2435 iles,
1119 2362 1170 2424 die
1197 2360 1330 2425 sabbati
1368 2364 1516 2448 proximo
1555 2380 1637 2433 ante

493 2468 611 2528 lestuni
630 2464 817 2527 Nativitatis
840 2461 949 2523 Sancti
969 2460 1131 2525 Jolvannis
1156 2463 1313 2547 Baptista,
1337 2465 1425 2527 venit
1452 2464 1637 2535 hindoniia

490 2588 563 2629 curn
581 2577 651 2628 toto
666 2564 808 2627 exercitu
824 2584 894 2638 suo,
918 2574 949 2623 et
976 2562 1159 2645 hospitatus
1183 2578 1231 2629 est
1257 2565 1312 2630 ibi.
1357 2566 1401 2629 Bt
1425 2568 1535 2630 statim
1559 2570 1640 2635 iecit

491 2666 685 2749 proclamare
702 2688 812 2749 pavern
829 2685 931 2727 suani.
946 2674 976 2724 et
994 2667 1151 2727 cnrrcessit
1168 2665 1369 2730 exheredatis
1391 2680 1519 2751 treugas
1540 2691 1561 2732 a
1582 2670 1639 2737 dia

491 2767 543 2829 illa
559 2768 590 2828 in
608 2768 638 2847 xj
663 2765 730 2827 dies
757 2765 796 2826 ad
822 2764 1036 2837 tractandum,
1060 2766 1198 2839 iuterim,
1223 2768 1263 2829 dc
1285 2790 1385 2853 μου
1406 2781 1439 2833 et
1463 2784 1553 2847 lune,
1579 2794 1642 2857 per

491 2880 677 2952 preceptuin
697 2867 827 2927 livanrini
841 2867 946 2937 tte-na.
960 2866 1128 2927 lohannes
1140 2868 1281 2931 .lddrien
1294 2882 1327 2933 et
1341 2870 1446 2935 Lucas
1460 2870 1501 2936 de
1515 2872 1640 2939 nom,

490 2982 560 3034 curt
577 2967 673 3052 positi
690 2982 763 3027 stitit
782 2968 813 3027 iu
831 2968 946 3028 balliva
963 2988 1031 3037 stin,
1047 2991 1224 3053 omnesque
1235 2971 1443 3035 :ildemianni
1456 2974 1488 3036 in
1502 2974 1638 3041 Wadi!

490 3076 568 3145 suis,
584 3074 615 3136 in
633 3072 750 3155 quibus
767 3072 889 3133 (¹0ines
905 3082 998 3131 tritten
1015 3082 1165 3152 posuerat
1181 3092 1282 3133 irervos
1297 3074 1460 3137 custodes.

535 3176 595 3237 llie
608 3196 683 3235 vern
697 3174 787 3236 larue
800 3174 947 3257 prosimu
964 3173 1101 3247 leuatus
1115 3173 1222 3254 posuit
1234 3174 1441 3239 interdictum
1453 3178 1639 3259 generalem

346 3294 360 3319 ⁴
490 3278 522 3340 in
539 3278 680 3339 (ivitate
706 3275 789 3335 eirca
813 3275 922 3337 aaran
951 3275 1220 3357 s‹·xia1a;‚·qu0d
1245 3276 1374 3358 quidem
1398 3280 1431 3339 in
1457 3280 1640 3347 crastinum

488 3380 570 3441 eirca
597 3379 708 3439 lavaroni
731 3376 856 3438 tertiana
888 3375 1063 3439 relaxatum
1093 3390 1154 3443 est.
1176 3380 1279 3462 captis
1304 3380 1510 3443 sacramentis
1524 3404 1640 3449 comm

490 3479 728 3543 Coruinissariis
747 3479 878 3540 Domini
904 3479 1013 3561 legati
1039 3480 1124 3563 apud
1147 3484 1302 3543 Sanctum
1336 3481 1469 3544 l'aulum
1493 3482 1640 3553 duorum

491 3581 668 3645 liotninurn.
684 3580 737 3661 qui
758 3581 946 3661 jurave-nint
975 3581 1006 3641 in
1032 3582 1154 3643 ordinas
1179 3584 1279 3644 totins
1307 3583 1502 3659 Commune,
1526 3588 1642 3655 tundi

489 3680 739 3743 consideraeioni
763 3684 879 3741 sanate
904 3680 1047 3743 ecclesie.
1095 3682 1133 3745 Fa
1157 3695 1235 3747 tunt·
1256 3686 1511 3763 totae-lausiaca,
1536 3710 1642 3772 qum

491 3780 610 3842 (omes
634 3782 748 3843 lecerat
767 3782 849 3843 inter
861 3780 1034 3843 Civitatem
1051 3796 1080 3844 et
1097 3784 1237 3856 Turrim,
1253 3786 1383 3868 penitus
1399 3800 1561 3869 prostrata
1574 3804 1645 3873 est,

490 3903 519 3951 ct
540 3892 727 3953 mercurium
745 3904 955 3973 asportatum.
1004 3891 1042 3953 Ei
1061 3900 1150 3955 tauro.
1166 3888 1197 3948 in
1216 3886 1323 3967 vigilia
1346 3888 1455 3951 Sancti
1471 3886 1644 3958 Jonannia
