3540 4830
484 489 741 534 vrcaoonrrusr
768 485 1053 533 cennomannis.
1295 462 1332 518 9¹

191 638 338 702 exierunt
366 663 385 703 a
412 640 552 705 Ciuitate
575 662 634 724 pro
659 640 774 704 timore
801 637 935 702 Domini
960 635 1068 720 Regis,
1089 654 1226 719 qnorum
1251 626 1338 697 bona

191 739 312 804 Comes
326 743 402 806 fecit
416 755 589 827 asportare.

232 843 325 906 Tunc
355 846 500 908 minutus
529 844 670 929 populus
699 844 802 908 erexit
832 865 877 920 se,
907 863 1026 906 vocans
1056 863 1091 905 se
1119 839 1337 905 Communem

191 943 354 1021 Civitatis,
384 945 468 1008 sicut
503 948 565 1010 fuit
594 957 739 1030 tempore
770 945 909 1011 Comitis
940 944 1125 1022 leicestrie,
1161 955 1195 1008 et
1224 941 1338 1006 habuit

190 1047 326 1129 primam
346 1069 458 1111 vocem
479 1049 511 1112 in
529 1050 670 1113 Civitate
682 1073 691 1125 ;
714 1049 759 1111 ita
777 1048 864 1133 quod
889 1048 1095 1132 quamplures
1119 1044 1160 1109 de
1185 1043 1336 1119 Ciuitate,

190 1157 224 1209 et
238 1149 335 1211 etiam
355 1150 395 1212 de
416 1149 638 1234 Magnetibus,
653 1170 711 1234 per
730 1148 819 1233 ipsos
841 1149 973 1211 suerunt
993 1148 1079 1232 capti
1093 1156 1127 1211 et
1141 1145 1174 1208 in
1190 1142 1338 1209 custodia

191 1247 329 1313 Comitis
345 1251 465 1335 positi3
488 1252 562 1337 quia
577 1252 639 1335 ipsi
663 1253 793 1314 fuerunt
819 1250 987 1314 manifeste
1014 1250 1054 1312 ad
1081 1250 1178 1313 fidem
1203 1245 1336 1313 Domini

190 1351 297 1434 Regis,
312 1373 449 1435 quorum
464 1351 552 1416 bona
566 1374 623 1437 per
639 1351 803 1415 Comitem
829 1351 882 1414 vel
907 1360 1107 1434 sequestrata
1129 1351 1260 1414 suerunt
1285 1349 1336 1414 vel

189 1465 362 1536 asportata.
408 1455 454 1518 Et
479 1465 569 1533 tunc,
599 1476 657 1539 per
679 1453 871 1518 electionem
895 1452 972 1516 dicti
997 1452 1121 1537 populi,
1144 1453 1234 1530 factis
1259 1454 1378 1517 suntso·
1392 1454 1434 1501 ¹⁰¹
1449 1460 1482 1503 θ’·

188 1553 304 1618 Ballivi
346 1556 509 1621 Robertus
538 1557 579 1621 de
621 1557 764 1620 Lintona
793 1565 826 1619 et
856 1556 1002 1639 Rogerus
1035 1554 1264 1627 Mareseallus;
1303 1565 1337 1620 et

189 1658 340 1721 dominus
360 1659 515 1722 Ricardus
531 1659 571 1722 de
596 1658 781 1722 Culeworth
805 1659 910 1721 factus
934 1667 984 1720 est
1011 1656 1166 1720 Summus
1191 1656 1336 1721 Ballivus

190 1760 339 1823 Civitatis
355 1782 412 1843 per
423 1760 596 1826 Comitem.
639 1763 732 1824 Tunc
745 1782 858 1824 omnes
870 1761 925 1844 qui
936 1760 1067 1823 luerunt
1077 1759 1168 1844 quasi
1181 1758 1336 1844 hutlagati

188 1865 227 1928 de
245 1863 384 1926 Civitate
399 1885 459 1947 pro
482 1885 560 1948 pace
582 1864 717 1929 Domini
743 1865 841 1948 Regis
867 1864 1002 1926 infracta
1025 1870 1171 1943 tempore
1198 1858 1336 1925 Comitis

188 1963 384 2048 Leycestrle,
407 1978 567 2032 venerunt
593 1967 626 2030 in
653 1965 839 2045 Civitatem,
863 1975 897 2030 et
922 1965 1021 2050 gratis
1043 1963 1164 2047 recepti
1190 1974 1277 2042 aunt,
1303 1975 1337 2027 et

188 2087 312 2143 omnes,
328 2065 382 2150 qui
398 2067 602 2149 imprisonati
616 2068 748 2132 fuerunt
762 2068 794 2130 in
813 2068 967 2150 Newgate
981 2088 1040 2151 pro
1063 2065 1207 2151 predicta
1229 2087 1336 2144 causa,

188 2167 319 2230 luerunt
334 2167 511 2231 deliberati.

232 2271 358 2347 Postea,
374 2271 426 2333 die
441 2269 596 2334 Mercurii
612 2278 688 2354 post
702 2269 848 2333 clausurn
865 2268 997 2346 Pasche,
1017 2269 1158 2334 inhibuit
1182 2271 1336 2353 Legatos,

188 2395 229 2436 ne
245 2395 401 2456 campane
416 2373 622 2456 pulsarentur
636 2372 670 2434 in
687 2370 837 2448 Ciuitate,
852 2380 886 2435 et
901 2392 941 2434 ne
967 2371 1077 2435 divina
1101 2371 1337 2436 celebrarentur

187 2495 259 2536 cum
283 2484 401 2550 cantu3
432 2484 482 2536 set
508 2472 570 2536 sub
597 2472 738 2549 silentio,
767 2471 885 2536 hostiis
908 2471 1113 2536 ecclesiarum
1137 2472 1265 2549 clausis,
1293 2494 1334 2535 ne

186 2575 309 2639 inimici
325 2575 433 2660 Regis,
448 2575 503 2660 qui
518 2574 624 2639 vocati
640 2584 717 2637 sunt
731 2573 928 2651 exheredati,
939 2574 1161 2638 interfuissent
1175 2575 1215 2638 ad
1227 2575 1336 2638 divina

187 2677 356 2739 audienda.

232 2780 359 2855 Postea,
373 2777 478 2843 tribus
500 2775 689 2860 septimanis
712 2786 790 2861 post
812 2777 935 2840 Pascha
956 2777 1105 2861 peractis,
1119 2777 1210 2841 venit
1231 2777 1335 2841 Dom-

185 2879 259 2942 inus
277 2880 346 2942 Rex
361 2901 435 2943 cum
450 2880 592 2944 exercitu
609 2902 669 2943 suo
684 2881 770 2964 apud
790 2881 940 2958 flamme,
962 2891 997 2945 et
1010 2881 1194 2964 hospitatus
1216 2891 1267 2945 est
1290 2880 1334 2945 ibi

186 2982 219 3044 in
236 2980 365 3044 abbatia
384 2983 634 3055 monachorum
657 2993 691 3046 et
706 2985 771 3047 cito
786 2995 861 3067 post
877 2985 1018 3067 Legatus
1044 2984 1177 3047 recessit
1200 3005 1219 3046 a
1239 2984 1335 3046 Turri

185 3092 219 3146 et
234 3083 415 3167 hospitatus
431 3095 482 3147 est
496 3085 530 3147 in
545 3084 657 3147 eadem
672 3084 845 3162 Abbathia,
869 3085 924 3148 ubi
951 3087 1026 3150 lecit
1052 3085 1215 3149 stabulum
1241 3085 1333 3170 equis

186 3184 253 3246 suis
269 3185 302 3246 in
318 3184 457 3247 claustro
474 3187 705 3249 monachorum
721 3208 780 3271 per
794 3186 913 3269 aliquid
928 3197 1068 3269 tempus.

231 3284 358 3359 Postea,
382 3283 423 3345 de
444 3284 497 3348 die
519 3287 553 3348 in
576 3286 661 3349 diem
688 3287 872 3350 habuerunt
891 3287 1086 3370 colloquium
1112 3310 1171 3371 per
1195 3289 1331 3352 nunclos

186 3386 348 3448 Dominus
366 3386 435 3447 Rex
450 3395 484 3448 et
499 3385 619 3450 Comes
635 3387 675 3449 de
690 3409 769 3470 pace
784 3388 971 3465 formanda3
995 3397 1045 3451 aet
1060 3408 1188 3470 semper
1202 3389 1330 3452 interim

185 3486 314 3550 Comite
330 3487 495 3550 muniente
511 3486 684 3550 Civitatem
700 3500 734 3550 et
748 3488 916 3552 introitum
933 3489 1083 3553 Civitatis
1097 3489 1174 3552 viris
1198 3489 1330 3553 armetis

184 3598 296 3651 contra
311 3588 486 3650 exercitum
504 3587 637 3650 Domini
653 3589 760 3670 Regis.

229 3685 491 3765 hlemorandum,
501 3690 587 3774 quod
598 3691 630 3753 in
646 3690 700 3753 illa
710 3690 950 3774 perturbatione
962 3714 1028 3755 non
1040 3692 1187 3775 permisit
1198 3691 1329 3771 Comes,

184 3789 271 3874 quod
285 3787 342 3864 illi,
365 3787 420 3871 qui
442 3811 516 3854 cum
538 3813 577 3854 eo
598 3803 767 3870 venerunt,
790 3793 943 3856 fecissent
967 3792 1213 3879 depredationes
1238 3806 1329 3859 extra

184 3893 377 3963 Civitatem3
401 3890 457 3956 sed
474 3903 581 3957 tamen
597 3893 654 3972 illi,
669 3894 724 3979 qui
739 3893 871 3959 fuerunt
893 3895 1048 3980 hospitati
1073 3895 1158 3958 ultra
1182 3905 1329 3981 pontem,
