3540 4830
469 427 725 474 vrcacorrrruu
751 429 1039 477 noanorsrnauu.
1287 415 1325 471 61

182 586 216 641 et
239 578 386 644 similiter
411 581 555 645 Barones
569 579 696 659 eidem;
718 590 752 645 et
765 580 853 666 quod
873 581 983 646 nullus
997 581 1146 659 alterum,
1160 578 1332 644 oeoasione

182 681 425 763 premissorum,
459 683 500 746 de
525 680 645 766 quibus
670 681 704 745 in
731 704 793 748 nos
816 683 925 749 extitit
958 683 1241 769 compromissum,
1274 702 1333 768 per

183 802 218 845 se
247 783 299 846 vel
338 805 397 868 per
432 783 530 847 aliurn
571 783 612 847 de
641 794 748 849 cetero
783 807 850 849 non
893 796 1005 870 gravet
1043 785 1079 849 in
1118 784 1238 870 aliquo,
1280 782 1334 848 vel

184 883 339 948 offendat

228 986 346 1051 Postea
361 986 524 1052 Dominus
540 986 611 1051 Rex
625 985 753 1052 rediens
769 988 810 1053 de
830 987 978 1074 partibus
1004 988 1228 1055 transmarinis
1243 986 1334 1052 venit
1345 1004 1394 1044 ru.
1407 997 1504 1072 &gland

187 1085 221 1150 in
236 1088 395 1173 Angliam.
1346 1063 1444 1110 ’ΜΨ

231 1189 375 1256 Barones
399 1212 476 1256 vero
502 1213 569 1255 non
599 1190 780 1275 contempti
817 1190 858 1256 de
894 1191 1027 1258 arbitrio
1066 1192 1203 1278 predicti
1234 1190 1335 1277 Regis

188 1292 321 1357 Francie
347 1294 489 1372 fuerunt,
516 1293 571 1379 qui
601 1293 711 1357 statim
738 1293 960 1359 militaverunt
987 1295 1021 1360 in
1049 1296 1198 1360 Marchia
1217 1293 1337 1358 Wallic

189 1415 287 1478 super
310 1396 472 1480 Rogemm
489 1396 529 1461 de
548 1395 684 1460 Mortuo
704 1393 801 1472 Mari,
816 1405 850 1459 et
867 1395 977 1460 omnia
997 1409 1102 1461 eastra
1122 1419 1181 1460 sua
1195 1406 1339 1481 proster-

189 1507 318 1576 nerunt,
333 1506 367 1563 et
387 1509 488 1562 terras
508 1519 584 1561 suas
598 1496 865 1580 depredaverunt,
881 1508 915 1562 et
934 1499 1076 1563 maneria
1090 1509 1124 1562 et
1137 1498 1230 1562 villas
1249 1519 1339 1563 com·

190 1595 385 1677 busserunt3
404 1600 446 1663 ad
467 1599 560 1682 cujus
580 1618 769 1661 succursum
790 1598 954 1662 Dominus
980 1597 1160 1662 Edwardus
1182 1597 1216 1661 in
1239 1619 1339 1662 manu

189 1699 295 1762 valida
314 1700 459 1777 veniens,
477 1700 543 1764 iere
566 1708 680 1782 captus
702 1699 774 1762 luit.
821 1697 865 1761 Et
890 1709 980 1777 tunc,
994 1699 1111 1763 iterum
1135 1709 1265 1783 captum
1288 1707 1340 1764 est

191 1800 427 1883 parlamentum
449 1801 536 1885 apud
552 1798 715 1865 Oxoniam
731 1800 815 1863 inter
833 1799 1013 1864 Dominum
1030 1800 1152 1885 Regem
1167 1809 1201 1863 et
1214 1800 1340 1885 predic·

190 1911 243 1966 tos
260 1902 413 1967 Barones.
457 1903 705 1967 londonienses
715 1912 825 1967 autem
835 1912 869 1968 ct
879 1903 1023 1968 Berones
1039 1902 1079 1967 dc
1090 1902 1244 1986 Quinque
1258 1903 1338 1966 Por·

190 2002 301 2081 tubus,
316 2013 350 2067 et
373 2005 439 2068 iere
463 2005 571 2069 omnis
591 2025 764 2069 commune
785 2005 956 2070 mediocris
974 2004 1087 2089 populi
1109 2004 1199 2088 regni
1213 2004 1340 2089 Anglie,

193 2105 340 2190 quivero
360 2128 426 2170 non
447 2117 628 2192 posuerunt
640 2127 675 2170 se
696 2127 795 2191 super
813 2107 936 2192 Regem
952 2107 1097 2186 Francia,
1112 2107 1243 2192 penitus
1257 2107 1342 2171 arbi-

193 2209 292 2274 trium
307 2233 404 2276 suum
419 2212 694 2277 contradixerunt.

239 2313 337 2377 Unde
367 2312 613 2378 londonienses
643 2314 789 2377 iecerunt
814 2312 854 2378 de
878 2333 913 2378 se
939 2310 1019 2397 ipsis
1046 2310 1343 2390 constabularium,

193 2412 327 2490 scilicet,
341 2413 501 2477 Thomam
517 2413 557 2478 de
574 2413 806 2491 Piwelesdona,
820 2422 855 2477 et
875 2413 1115 2491 Marescallum,
1127 2413 1260 2490 scilicet,
1269 2412 1343 2477 Ste-

195 2514 340 2598 phanum
367 2514 536 2593 Buckerel,
555 2514 596 2579 ad
618 2536 757 2599 quorum
780 2515 1078 2594 summonitionem,
1095 2514 1205 2579 audita
1228 2535 1345 2599 magna

196 2617 285 2681 cioca
308 2615 419 2680 Sancti
446 2617 548 2695 Pauli,
565 2637 679 2681 omnes
696 2616 745 2681 de
770 2616 900 2681 civitate
926 2617 1013 2683 exire
1033 2617 1198 2696 deberent,
1218 2626 1252 2681 et
1276 2637 1345 2681 non

195 2718 297 2796 aliter,
313 2717 431 2781 muniti
445 2728 513 2781 tam
527 2718 568 2782 de
583 2727 678 2782 nocte
694 2739 790 2801 quam
806 2718 846 2782 de
861 2717 925 2797 die,
939 2717 1022 2782 bene
1037 2719 1161 2796 armati,
1172 2728 1345 2803 sequentes

196 2820 314 2884 vexilla
339 2821 499 2885 dictorum
526 2818 766 2884 Constabularii
788 2829 822 2884 et
848 2820 1031 2885 Marescalli
1052 2819 1247 2906 ubicumque
1272 2819 1346 2884 illos

198 2921 314 2986 ducere
323 2921 513 2985 voluissent.
554 2921 678 2996 Postea,
696 2921 795 3006 Hugo
809 2921 840 2986 le
851 2923 1048 3006 Despenser,
1062 2921 1085 2986 J
1087 2921 1275 2999 ustitiarius,
1290 2919 1347 3005 qui

199 3034 276 3088 tunc
291 3023 495 3089 custodiebat
508 3024 637 3088 Turrim
652 3046 727 3089 cum
746 3023 974 3089 innumerabili
992 3024 1114 3109 populo
1138 3023 1348 3089 Londonicn·

200 3127 296 3206 sium,
316 3128 464 3192 exierunt
490 3149 509 3190 a
532 3128 673 3206 civitate,
695 3127 861 3212 sequendo
883 3126 1000 3191 vexilla
1019 3126 1237 3210 predictorum
1259 3126 1348 3191 Con·
1360 3154 1555 3208 mmm„

201 3226 367 3290 stabularii
384 3237 418 3290 et
438 3227 633 3304 Marescalli,
646 3237 682 3291 ct
702 3226 890 3292 nesciebant
903 3248 968 3312 quo
990 3227 1037 3290 ire
1059 3225 1225 3305 deberent,
1239 3226 1291 3291 vel
1307 3226 1350 3291 ad
1360 3225 1390 3273 ἅ
1402 3220 1553 3271 ΓΜ·

202 3328 279 3413 quid
294 3327 499 3406 iaciendum3
521 3329 576 3412 qui
592 3328 682 3392 ducti
697 3339 887 3412 suntusque
898 3328 939 3391 sd
949 3327 1166 3391 Ystlcworthe
1181 3337 1215 3392 et
1228 3326 1350 3393 ibidem

201 3437 446 3514 prostraverunt
468 3439 503 3491 et
524 3427 775 3491 combusserunt
796 3428 982 3492 Manerium
1005 3427 1103 3510 Regis
1121 3426 1300 3507 Alcmanie,
1316 3437 1352 3494 et

203 3529 313 3594 omnia
327 3527 414 3591 bona
436 3527 481 3591 ibi
500 3529 632 3592 inventa
647 3529 914 3614 depredaverunt,
929 3540 963 3594 et
982 3528 1167 3592 molendina
1180 3549 1218 3593 ac
1231 3529 1353 3594 vivaria

204 3654 262 3696 sua
283 3631 447 3714 fregerunt
469 3640 503 3693 et
524 3629 784 3707 combusserunt,
803 3631 902 3695 nullis
927 3629 1048 3714 treugis
1068 3628 1257 3709 observatis,
1272 3630 1352 3696 dum

203 3733 384 3820 predictum
400 3731 635 3815 parlamentum
657 3733 793 3798 steterit.
838 3732 883 3798 Et
896 3734 959 3797 boc
974 3732 1037 3796 fuit
1049 3731 1177 3796 initium
1193 3733 1353 3814 dolorum,

204 3849 238 3902 et
253 3836 342 3920 origo
358 3835 502 3898 mortalis
524 3855 648 3918 guerre,
663 3856 721 3920 per
740 3857 837 3920 quam
852 3845 903 3900 tot
919 3835 1062 3900 maneria
1081 3834 1251 3900 combusta
1264 3846 1353 3916 sunt,

204 3951 238 4004 et
267 3949 317 4003 tot
342 3937 502 4015 homines,
527 3937 646 4002 divites
671 3949 705 4003 et
730 3959 899 4023 pauperes,
920 3937 1099 4022 depredati,
1123 3949 1158 4003 et
1186 3948 1238 4003 tot
1267 3939 1355 4005 mille

206 4043 355 4110 homines
370 4041 545 4126 perierunt.
