3540 4830
813 466 992 511 ennracn.
1426 446 1501 509 exiii

294 632 347 692 per
357 615 508 674 servicium
521 617 710 694 supradictum
725 619 851 676 similiter
864 621 892 676 iu
911 619 1017 676 dictum
1037 619 1212 676 excambium
1225 638 1277 695 pro
1291 617 1422 694 predictis
1436 638 1496 675 ma·

294 713 382 770 neriia
392 713 427 771 de
439 713 614 794 Kenyngton
631 726 659 772 et
674 715 847 774 Vaukeshall
856 717 1068 793 imperpetuum.
1110 717 1206 780 Quare
1218 716 1357 784 volumus,
1369 721 1419 776 &c
1431 715 1497 773 Hiis

291 810 420 878 testihus,
433 813 641 870 venerabilibus
669 815 794 889 patribus
822 813 987 891 J(0hanne)
1002 813 1211 889 archiepiscopo
1227 814 1381 871 Cantuarie
1406 815 1497 870 tocius

294 906 404 983 Anglie
427 909 555 985 primate,
571 909 720 990 S(im0ne)
737 911 842 967 Eliensi
854 913 993 986 episcopo,
1004 913 1139 987 magistro
1156 911 1282 968 Roberto
1296 910 1330 967 de
1346 910 1496 978 Stratford,

293 1003 492 1063 archidiacono
538 1007 691 1066 Cantuarie
740 1008 904 1065 cancellario
946 1019 1051 1077 nostro,
1091 1009 1223 1067 Johanne
1262 1011 1298 1066 dc
1332 1009 1494 1065 Warrenua

292 1101 394 1158 comite
417 1102 539 1173 Surrcie,
555 1104 680 1162 Henrico
705 1105 739 1163 de
762 1105 926 1163 Laucastria
945 1107 1046 1162 comite
1061 1107 1175 1174 Derbie,
1192 1107 1315 1182 Hugone
1331 1106 1365 1162 de
1381 1105 1493 1162 Audele

292 1205 395 1264 comite
420 1207 606 1279 Glouoestrie,
630 1210 753 1267 Radulfo
780 1211 880 1268 Basset
914 1211 948 1267 de
971 1212 1112 1289 Drayton‚
1138 1211 1265 1268 Henrico
1294 1211 1328 1267 de
1349 1210 1495 1276 Ferrariis‚

288 1302 420 1362 Johanne
439 1306 560 1386 D’Arcy
574 1309 600 1366 le
614 1329 711 1376 neven,
727 1309 878 1366 senescallo
902 1308 1017 1385 hospicii
1038 1311 1135 1376 nostri,
1149 1319 1178 1366 et
1199 1310 1270 1365 aliis.
1312 1309 1421 1365 Datum
1443 1325 1493 1383 per

290 1418 406 1458 manum
420 1411 546 1463 nostram
564 1406 638 1482 apud
663 1407 776 1463 Turrim
798 1406 1008 1464 Londoniarum
1024 1408 1085 1464 viii⁰
1100 1407 1144 1463 die
1161 1407 1293 1481 Augusti.
1336 1405 1390 1461 Per
1403 1405 1494 1481 ipsum

290 1493 411 1574 Regem.

332 1602 351 1630 “
363 1595 402 1654 Et
414 1598 578 1656 mandatum
592 1609 636 1656 est
652 1600 796 1666 Alienum,
811 1621 866 1676 quc
880 1600 935 1657 fuit
950 1621 1021 1657 uxor
1032 1601 1171 1658 Guidouis
1188 1601 1286 1676 chy,
1298 1599 1373 1675 quod
1387 1600 1494 1674 prefate

291 1690 458 1750 Ehzabethe
471 1693 506 1751 de
523 1694 656 1752 fidelitate
669 1704 697 1752 et
711 1696 772 1752 aliis
787 1697 910 1753 serviciis
926 1699 982 1753 suis
997 1697 1146 1752 intendens
1168 1698 1215 1762 sit,
1231 1706 1311 1771 prout
1328 1695 1416 1751 dccet.
1458 1695 1491 1749 In

289 1790 380 1865 cujus,
395 1795 447 1847 διο.
486 1791 572 1848 Teste
589 1793 668 1868 Rege
690 1791 764 1868 apud
780 1792 895 1848 Turrim
916 1793 1139 1859 Londouiarum,
1153 1794 1183 1847 κο
1197 1792 1241 1848 die
1262 1792 1394 1866 Augusti.
1438 1790 1494 1846 Per

289 1884 383 1962 ipsum
398 1887 515 1965 Regem.

330 1984 401 2043 “Et
421 1986 583 2043 mandatum
604 1997 648 2044 est
667 1988 813 2053 miiitibus,
835 1988 929 2044 liberis
952 1988 1119 2053 homiuibus,
1134 2009 1166 2046 ae
1189 1988 1251 2046 aliis
1273 1987 1433 2044 tenentibus
1456 1984 1491 2040 de

289 2080 400 2138 duabus
422 2084 549 2158 partibus
568 2085 685 2141 manerii
705 2085 740 2140 de
759 2083 940 2140 Ilhetleshalc
955 2085 982 2140 in
998 2085 1131 2141 comitatu
1155 2084 1296 2149 Suffolcic,
1311 2083 1386 2159 quod
1400 2082 1490 2138 eidem

288 2175 454 2237 Ehzabethe
467 2180 502 2237 de
516 2180 662 2256 homagiis,
674 2181 863 2246 fidelitatibus,
876 2191 904 2238 et
917 2183 978 2238 aliis
993 2184 1116 2239 serviciis
1132 2184 1188 2239 suis
1199 2182 1374 2238 intendentes
1389 2180 1445 2237 sint
1458 2185 1487 2233 et

288 2278 498 2353 respondentes.
540 2279 575 2334 ln
590 2281 678 2354 cujus,
694 2285 749 2336 &c
763 2288 795 2335 ut
809 2299 902 2355 supra
945 2279 999 2336 Per
1013 2282 1103 2355 ipsum
1120 2281 1238 2352 Regem.

329 2382 347 2410 “
360 2373 399 2431 Et
416 2374 579 2432 mandatum
601 2383 645 2432 est
666 2375 774 2451 prefato
788 2375 912 2432 Johanni
927 2376 962 2431 de
987 2375 1106 2433 Sckford
1121 2374 1196 2449 quod
1216 2373 1306 2430 eidem
1322 2371 1487 2429 Elizabethc

287 2461 322 2526 de
336 2470 411 2528 dicto
425 2472 535 2529 redditu
549 2492 599 2528 suo
622 2473 767 2529 intendens
783 2474 818 2529 sit
832 2481 860 2528 ct
874 2473 1047 2547 respondens
1065 2473 1147 2546 juxta
1167 2482 1291 2527 tenorem
1308 2479 1383 2526 carte
1400 2469 1487 2544 Regis

288 2568 462 2643 supradicte3
476 2569 537 2626 vult
551 2569 625 2625 enim
639 2568 703 2625 Rex
718 2569 808 2644 ipsum
823 2567 888 2624 inde
903 2587 971 2642 erga
983 2567 1089 2642 Regem
1103 2567 1257 2624 exonerari.
1288 2566 1321 2622 ln
1336 2566 1425 2641 cujus,
1435 2569 1486 2622 &c

286 2672 319 2722 ut
333 2685 426 2742 supra.
468 2667 523 2723 Per
536 2668 626 2742 ipsum
640 2666 748 2741 Regem
763 2676 792 2723 et
806 2665 962 2722 consilium.

328 2761 415 2819 “Pro
430 2760 596 2819 Ehaabetha
610 2761 644 2818 de
658 2762 763 2836 Burgo.
794 2761 856 2817 Rex
871 2761 1000 2817 omnibus
1014 2760 1050 2816 ad
1064 2780 1144 2835 quos,
1159 2764 1214 2817 Rc.
1228 2760 1355 2817 salutem.
1386 2760 1486 2819 Sciatis

285 2859 362 2934 quod
382 2880 446 2917 cum
467 2879 558 2936 nuper
577 2878 624 2936 per
646 2868 751 2916 cartam
773 2868 897 2915 nostram
920 2858 1075 2915 dederimus
1097 2868 1126 2915 et
1147 2861 1365 2916 concesserimus
1387 2859 1486 2917 diiecte

285 2958 489 3033 consanguinee
503 2965 598 3013 nostre
614 2955 777 3013 Elizabethe
791 2955 825 3011 dc
842 2956 948 3030 Burgo‚
968 2975 1023 3030 que
1043 2957 1097 3012 fuit
1110 2976 1182 3012 uxor
1198 2957 1304 3032 Rogeri
1319 2958 1486 3034 Dammory,

285 3055 336 3111 ac.
352 3053 464 3132 (recital
478 3056 512 3112 of
526 3053 574 3112 the
588 3063 669 3112 tenor
683 3054 717 3109 of
734 3053 782 3109 the
803 3054 917 3130 ahora)
932 3065 1015 3128 prout
1029 3055 1057 3110 in
1072 3065 1149 3112 carta
1164 3065 1259 3112 nostra
1273 3056 1380 3132 plenius
1396 3056 1485 3113 conti·

284 3158 375 3217 netur,
399 3170 460 3218 nos,
482 3150 607 3206 volentes
636 3149 744 3225 prefate
771 3148 935 3206 Ehzabethe
960 3151 994 3206 de
1020 3150 1116 3226 Burgo
1143 3151 1171 3206 in
1197 3153 1484 3226 recompensacionem

284 3245 387 3303 valoris
401 3246 485 3302 tercie
499 3247 587 3321 partis
601 3245 717 3301 manerii
731 3245 765 3301 dc
781 3245 957 3313 lketleshaie‚
970 3266 1053 3321 quam
1073 3246 1181 3321 prefata
1196 3246 1330 3303 Alienora
1345 3249 1383 3304 sic
1398 3257 1484 3314 tenet,

281 3344 363 3419 juxta
382 3351 532 3401 tractatum
554 3343 690 3400 internos
704 3343 891 3399 etconsilium
914 3353 1040 3400 nostrum
1061 3352 1090 3400 et
1104 3344 1220 3401 eandem
1236 3344 1429 3402 Elizabctham
1451 3365 1484 3402 ac

283 3440 438 3518 predictum
458 3441 617 3499 Johanucm
641 3440 761 3497 Bardolf
779 3441 808 3495 in
830 3440 883 3496 hac
905 3452 983 3516 parte
1007 3441 1133 3497 habitum
1153 3441 1212 3497 fieri
1234 3440 1285 3495 sub
1307 3440 1408 3500 forma,
1430 3459 1484 3514 que

283 3540 418 3615 sequitur,
439 3541 537 3597 eadem
557 3541 698 3597 Alianora
712 3539 834 3606 vivente,
855 3539 1009 3594 remisimus
1029 3539 1135 3613 prefate
1151 3536 1315 3594 Elizabethe
1337 3536 1370 3591 de
1386 3535 1484 3610 Rurgo

284 3635 348 3693 illas
362 3636 458 3693 decem
471 3636 557 3693 libras
571 3655 687 3701 annuas,
702 3654 771 3710 quas
785 3635 865 3691 nobis
880 3633 915 3689 ad
927 3633 1096 3688 scaccarium
1107 3639 1233 3686 nostrum
1249 3648 1300 3704 pro
1313 3630 1438 3685 manerio
1449 3630 1483 3688 de

283 3731 419 3800 Clarette,
439 3733 551 3789 nomine
566 3732 707 3788 Hemonis
722 3729 756 3786 de
771 3730 908 3795 Creuker‚
931 3727 1045 3783 reddere
1068 3730 1207 3792 tenetur?
1229 3745 1336 3781 necnon
1360 3727 1482 3804 quinque

313 3895 329 3920 ⁴
346 3893 524 3939 'i'hemnnoroi
533 3893 645 3949 Clarette,
654 3895 678 3938 in
691 3893 731 3938 the
743 3892 821 3951 pnriah
831 3892 857 3935 os
869 3889 996 3944 Ycldham,
1008 3887 1119 3935 hundred
1131 3888 1157 3932 os
1167 3886 1312 3943 Rinckford,
1325 3904 1385 3934 eom.
1399 3890 1482 3949 Emex,

281 3974 323 4021 hu
339 3976 380 4021 the
397 3990 466 4021 name
477 3976 503 4020 oi
518 3975 587 4020 Clare
604 3977 628 4019 in
647 3974 787 4032 Domesday,
804 3974 852 4018 and
866 3987 913 4017 was
930 3971 1007 4030 parcel
1025 3971 1051 4014 os
1066 3971 1105 4015 the
1123 3971 1216 4015 honour
1233 3972 1259 4016 os
1274 3971 1330 4016 Euri
1346 3972 1448 4021 Rustaee
1459 3977 1486 4021 of

285 4056 415 4116 Roulogne.
450 4057 478 4102 ln
495 4073 510 4102 a
526 4072 609 4116 surrey
621 4057 647 4101 oi
661 4057 701 4101 the
718 4056 811 4100 honour
828 4055 853 4098 oi
871 4053 993 4106 Roulogue
1010 4053 1034 4097 in
1047 4053 1086 4098 the
1100 4052 1170 4098 Liber
1183 4053 1257 4111 Niger
1269 4055 1393 4105 scaccarii.
1407 4058 1430 4101 in
1443 4058 1484 4105 the

325 4156 438 4199 casin.
456 4156 525 4198 soc.
874 4157 893 4214 q
