3540 4830
475 520 731 565 vrcsconrruss
759 519 1036 565 aosoosrnaou.
1264 504 1322 563 131

178 678 316 751 quatuor
326 669 425 753 pedes
437 682 469 734 et
478 694 576 735 unam
587 672 733 737 caudam.
753 672 946 757 Caputrero
955 671 1017 735 fuit
1025 670 1191 756 agninum,
1200 669 1324 734 habens
1338 690 1437 738 Pictum
1447 691 1506 753 092⁸·

178 771 259 833 duas
285 772 452 851 auriculas,
468 786 501 838 et
524 775 666 838 nescitur
688 775 716 839 si
738 775 819 839 illud
842 775 1024 860 prodigium
1039 775 1173 858 alicujus
1188 755 1543 884 insono-22fiffllml‘

178 873 268 935 nium
285 874 487 958 significaret.
532 877 596 940 Sed
613 878 774 941 notorium
790 876 942 962 estquod
957 876 1109 940 dominus
1125 875 1212 939 illius
1234 885 1324 940 tene·

179 976 292 1055 menti,
307 977 363 1040 ubi
372 979 516 1061 predicta
524 979 594 1042 ovis
604 978 741 1063 peperit,
750 1000 848 1042 sanus
859 989 893 1042 et
904 978 1074 1043 incolumis
1086 988 1120 1041 et
1129 978 1325 1043 sufficienter

179 1076 317 1157 sobrius,
332 1088 365 1143 et
388 1079 422 1141 in
447 1090 529 1163 potu
554 1091 588 1144 et
611 1079 685 1144 cibo
708 1080 888 1158 modestus,
910 1081 1025 1145 eodem
1050 1101 1137 1144 anno
1162 1079 1326 1144 subitost

177 1178 345 1264 inopinati)
360 1181 476 1245 cecidit
490 1181 523 1244 in
540 1182 713 1266 paralisim,
728 1182 880 1246 amittens
903 1204 999 1246 usum
1025 1182 1179 1267 loquendi
1200 1193 1234 1247 et
1255 1183 1326 1247 offi-

177 1279 262 1342 cium
278 1304 393 1346 manus
409 1304 466 1347 sue
481 1284 603 1349 dextre.

219 1381 315 1448 Tales
330 1407 475 1450 rumores
490 1396 659 1464 venerunt,
674 1385 726 1449 die
742 1384 914 1450 Dominica
928 1395 1003 1451 ante
1026 1387 1324 1453 Annunciacionem

178 1482 394 1566 Dominicam‚
410 1488 507 1552 misse
526 1488 699 1552 litemtorie
714 1508 771 1571 per
793 1487 964 1571 quemdam
980 1487 1035 1571 qui
1049 1488 1112 1552 luit
1126 1490 1167 1553 de
1181 1491 1324 1554 exercitu

179 1584 378 1667 Christiano,
417 1591 550 1669 scilicet,
579 1591 666 1675 quod
704 1612 778 1654 cum
809 1590 915 1653 dictus
944 1591 1106 1655 Dominus
1143 1591 1323 1654 Edwardus

174 1687 318 1751 venisset
331 1690 371 1752 ad
391 1689 520 1772 Tropes,
543 1692 627 1755 sicut
652 1692 686 1754 in
713 1689 855 1755 secundo
875 1691 953 1755 folio
969 1690 1152 1774 precedenti
1168 1692 1324 1776 scriptum

175 1799 235 1864 est,
251 1800 284 1852 et
298 1791 459 1854 exercitus
476 1792 736 1857 Christianorum
752 1792 895 1857 venisset
909 1791 964 1870 ibi,
976 1792 1064 1876 quod
1079 1792 1112 1856 in
1124 1793 1324 1877 parlamento

174 1890 286 1955 habito
312 1893 396 1956 inter
419 1895 507 1977 ipsos
523 1895 707 1958 ordinatum
723 1905 773 1960 est
788 1907 822 1960 et
831 1897 987 1980 juratum,
1001 1894 1100 1979 quod,
1115 1895 1179 1959 isto
1194 1895 1323 1960 itinera-

175 1992 222 2054 rio
249 1993 429 2073 deficiente,
459 1996 685 2081 prolongatum
710 2007 761 2061 est
789 1997 973 2082 passagium
1002 2018 1105 2081 usque
1134 1998 1174 2060 ad
1204 1998 1322 2061 festum

174 2095 365 2161 Natiuitatis
380 2097 490 2163 Sancti
505 2099 666 2163 Jobannis
683 2100 831 2183 Baptista
857 2101 891 2163 in
917 2111 983 2165 tres
1005 2122 1119 2165 annos.
1161 2101 1231 2165 Rex
1246 2122 1323 2165 vero

175 2198 318 2280 Francie,
350 2202 420 2265 Rex
447 2202 578 2280 Cecilie,
604 2213 638 2266 et
668 2202 830 2266 Dominus
861 2202 1051 2280 Edwardus,
1081 2213 1114 2268 et
1141 2203 1261 2268 Comes
1282 2204 1323 2269 de

175 2302 297 2367 Peiters
313 2315 346 2368 et
360 2305 413 2368 alii
429 2305 602 2389 Magnetes
617 2306 657 2370 de
673 2305 815 2370 exercitu
830 2304 1016 2368 Christiano
1037 2305 1100 2370 hoc
1111 2307 1302 2390 juraverunt
1311 2332 1321 2386 ;

172 2407 230 2468 sed
254 2408 417 2471 Dominus
444 2409 623 2471 Edwardus
645 2407 768 2490 jurarit
789 2427 848 2491 per
871 2406 1104 2485 conditionem,
1119 2407 1278 2485 videlicet,
1293 2407 1321 2471 si

171 2505 241 2588 ipse
267 2509 387 2591 poterit
410 2519 590 2573 monstrare
614 2509 693 2592 Regi
718 2507 852 2573 Francia
878 2506 1102 2572 rationabilem
1128 2528 1260 2572 causam
1278 2507 1321 2572 ob

170 2628 265 2690 quam
281 2629 347 2671 non
363 2609 483 2692 poterit
497 2608 537 2670 ad
553 2609 633 2673 illud
648 2632 787 2694 sequens
801 2610 998 2674 itinerarium
1013 2610 1133 2674 venim.

215 2708 261 2771 Et
275 2710 443 2774 sciendum
458 2721 509 2775 est
526 2712 656 2795 quando
671 2723 761 2776 totus
776 2713 936 2776 exercitus
951 2713 1014 2776 luit
1028 2713 1240 2790 coadunatus,
1254 2735 1321 2776 non

170 2811 349 2875 fuitrisum
365 2813 423 2891 eis,
438 2812 527 2898 quod
546 2824 681 2898 possent
704 2836 865 2899 pugnasse
889 2824 1001 2878 contra
1017 2813 1205 2878 Soldanum.
1250 2815 1321 2879 Rex

171 2913 305 2978 Francie
319 2916 410 2979 vadit
423 2915 457 2978 in
468 2916 635 2980 Franciam
651 2917 691 2979 ad
708 2916 945 3002 suscipiendam
957 2938 1108 2981 coronam
1119 2938 1222 2980 suam.
1250 2918 1321 2980 Rex

155 3028 246 3080 *vero
271 3017 391 3081 Cecilie
416 3018 457 3080 ad
484 3018 804 3104 Constantinopolim
834 3040 931 3103 super
961 3018 1096 3096 Grecos,
1125 3029 1159 3082 et
1185 3017 1321 3102 quilibet

169 3128 355 3201 magnatum
383 3118 416 3181 in
443 3120 579 3203 patriam
596 3143 698 3184 suam.
741 3120 788 3184 Et
802 3132 881 3185 tunc
898 3121 1060 3183 Dominus
1075 3120 1255 3183 Edwardus
1270 3141 1321 3183 re-

169 3220 289 3283 mansit
313 3221 400 3304 apud
426 3220 594 3285 Palernam
620 3244 723 3307 usque
748 3223 789 3286 ad
805 3243 950 3286 mensem
966 3222 1058 3299 Maii,
1073 3231 1107 3284 et
1121 3231 1200 3285 tune
1214 3230 1320 3284 trans-

168 3320 299 3385 fretabit
324 3343 426 3405 usque
452 3323 492 3385 ad
516 3326 619 3386 Acon.
664 3322 729 3386 Sed
754 3323 825 3407 ipse
849 3343 947 3405 super
970 3322 1032 3386 hoo
1055 3322 1166 3406 posuit
1180 3331 1326 3407 quatuor*

168 3421 391 3499 conditiones;
413 3422 517 3505 prima
535 3423 677 3487 conditio
700 3422 728 3486 si
749 3424 836 3507 Papa
855 3422 952 3486 luerit
973 3432 1111 3501 creatus,
1128 3421 1184 3506 qui
1208 3421 1319 3506 prohi-

167 3524 275 3588 buerit
297 3522 480 3608 passagium
504 3545 607 3606 usque
633 3524 673 3586 ad
699 3545 851 3608 magnum
878 3522 1071 3608 passagium.
1132 3523 1214 3602 Alia,
1228 3545 1319 3602 vero,

169 3626 323 3703 conditio,
350 3625 377 3688 si
403 3624 588 3689 infirmitate
614 3625 765 3688 detentus
786 3626 893 3690 luerit.
945 3625 1065 3704 Tertia,
1080 3625 1108 3689 si
1133 3636 1224 3710 pater
1238 3649 1318 3691 suus

169 3729 295 3793 obierit.
340 3727 474 3803 Quarta,
498 3727 526 3789 si
551 3748 666 3811 guerra
695 3726 791 3789 luerit
816 3727 850 3790 in
876 3726 1037 3811 Angliam.
1081 3727 1127 3791 Et
1150 3728 1316 3793 sciendum

169 3844 220 3896 est
245 3830 332 3916 quod
358 3830 430 3892 talis
454 3840 505 3892 est
524 3836 600 3913 pasl
620 3830 703 3892 iacta
720 3829 805 3892 inter
823 3830 943 3914 Regem
960 3829 1079 3895 Cecilie
1091 3842 1125 3894 et
1140 3832 1261 3916 Regem
1277 3832 1317 3897 de
1324 3847 1362 3904 so.
1376 3845 1422 3892 123
1435 3854 1466 3894 ψ.

166 3935 280 4012 Tanis,
304 3934 391 4018 quod
419 3934 488 3996 Rex
519 3934 559 3996 de
588 3933 691 3996 'lunis
720 3933 846 3996 tenebit
870 3954 1005 4018 regnum
1034 3956 1130 3997 suum
1160 3934 1201 3998 do
1231 3935 1318 4020 Rege

167 4038 296 4113 Cecilie,
312 4035 476 4099 reddendo
501 4035 577 4100 inde
601 4035 630 4099 ei
653 4046 812 4118 quantum
837 4033 963 4100 solebat
978 4034 1111 4101 reddere
1127 4035 1321 4121 Imperatori
