3540 4830
480 467 739 515 vicecomuuu
764 466 1046 518 munomuuu.
1269 462 1329 520 111

183 624 330 710 pertibus
344 622 544 700 Alemannie,
559 618 802 705 filiacujuodam
813 620 932 687 nobilis
948 622 988 688 de
1002 633 1088 689 terra
1101 625 1167 692 illu.
1203 626 1332 706 Postea,

183 728 333 813 proximo
348 727 400 790 die
414 737 489 791 unte
503 724 655 809 vigiliam
677 723 923 810 Assumptionio
944 726 1039 792 beate
1057 728 1163 794 Murie
1177 729 1331 815 Virginis,

185 830 349 894 Dominus
372 829 564 907 Edwardus,
590 825 743 892 dominus
759 826 923 892 Henricue
945 829 986 892 de
1009 829 1213 911 Alemanniu,
1227 831 1332 897 domi·

184 955 247 997 nus
263 934 409 1017 Rogerue
421 933 461 997 de
477 930 661 1017 Leyburne,
676 930 828 994 dominus
844 930 1007 997 Robertue
1022 932 1207 1013 Wulruven,
1229 935 1333 1000 domi·

184 1057 247 1098 nus
278 1033 409 1098 Gascon
433 1034 473 1097 de
503 1034 642 1118 Byeme,
668 1040 702 1095 et
726 1030 835 1116 plures
858 1032 912 1096 ulii
935 1033 1054 1098 milites
1083 1044 1117 1100 et
1146 1035 1334 1115 servientes,

184 1137 483 1201 transfretaverunt.

229 1238 346 1302 Postea
367 1236 474 1300 dietus
504 1234 702 1299 Eedwurdue
731 1234 764 1298 in
791 1235 876 1299 seete
900 1235 1087 1303 Natiuitatis
1112 1238 1206 1304 beate
1229 1238 1334 1304 Murie

185 1340 334 1426 proximo
350 1339 514 1424 sequentis
536 1337 692 1424 applicuit
705 1338 792 1423 apud
808 1338 994 1418 Doverium,
1013 1342 1140 1406 rediens
1155 1365 1175 1406 u
1189 1341 1334 1427 predicto

186 1444 397 1529 purlameuto,
420 1441 475 1506 ubi
490 1442 575 1506 inter
597 1440 777 1526 predictum
793 1441 915 1525 Regem
932 1442 1064 1507 Francie
1079 1456 1113 1508 et
1127 1444 1235 1531 ipsum
1257 1466 1336 1509 con·

186 1558 328 1624 venerut,
344 1546 429 1610 sicut
441 1545 475 1608 in
491 1545 554 1609 hoc
567 1543 650 1608 libro
664 1542 785 1628 gallicis
800 1541 908 1606 verbis
923 1543 1126 1610 subnotatur.

231 1650 363 1734 Luem,
379 1670 436 1732 pur
461 1648 492 1712 le
515 1668 608 1732 grace
633 1647 673 1711 de
698 1647 786 1724 Deu,
810 1647 899 1732 Roye
918 1647 959 1711 de
986 1648 1120 1727 Franco,
1135 1671 1155 1712 u
1169 1658 1244 1713 tous
1259 1662 1398 1714 ueuecm
1400 1660 1514 1708 anim

186 1752 243 1835 qui
269 1761 357 1815 ceste
380 1750 491 1814 lettres
519 1760 647 1826 verunt,
673 1748 772 1812 euluz.
839 1749 933 1812 Nous
957 1771 1018 1813 vus
1042 1751 1164 1814 fesume
1188 1773 1208 1814 u
1233 1772 1325 1816 suver
1326 1726 1479 1851 ,mm
1451 1788 1554 1837 uam

189 1854 230 1917 ke
250 1864 341 1918 entre
365 1874 427 1915 nus
442 1860 477 1915 et
498 1863 610 1916 nostre
631 1861 696 1915 tres
719 1851 796 1915 cher
811 1850 926 1929 Cusin,
953 1852 1151 1917 Munseniur
1166 1851 1336 1933 Eedwurd,
1348 1840 1485 1903 ‘'11⁰⁸‘-

188 1955 279 2018 niune
289 1954 330 2017 ἧι
341 1953 381 2017 de
397 1951 494 2016 noble
511 1954 583 2038 Roy
595 1951 635 2016 de
647 1951 831 2037 Engletere,
841 1953 1009 2018 euntfetes
1021 1953 1062 2018 de
1073 1975 1227 2017 commun
1240 1954 1337 2018 neord
1326 1900 1425 1967 ΕΜ
1427 1918 1505 1967 “⁸⁸⁸⁸

189 2079 246 2121 sur
260 2080 296 2121 su
318 2077 402 2143 voye
418 2056 450 2120 d'
453 2079 496 2119 un
512 2056 694 2142 pelerinnge
709 2055 749 2119 de
774 2064 869 2119 outre
892 2076 962 2120 mer
983 2056 1078 2121 iceles
1105 2067 1337 2122 cuvenuuntee.

190 2159 284 2223 Nous
300 2160 437 2223 devums
457 2169 582 2244 prester
596 2180 616 2221 u
630 2157 734 2222 devun
756 2157 805 2221 dit
822 2155 960 2221 Edwurd
981 2159 1121 2223 eeisante
1136 2169 1170 2223 et
1191 2158 1241 2223 dis
1262 2159 1338 2224 mile

189 2262 288 2325 livere
302 2262 342 2325 de
357 2261 540 2345 Toumoys,
548 2265 706 2337 leunteee
721 2279 762 2323 en
777 2269 864 2322 eeste
887 2280 1013 2323 summe
1028 2260 1099 2322 vint
1120 2269 1154 2323 et
1168 2260 1240 2323 cine
1263 2260 1382 2330 mileso·
1394 2268 1441 2315 1¹⁴
1452 2275 1485 2316 ν·

190 2363 305 2426 livores
325 2362 365 2424 de
381 2361 571 2446 Toumoys;
594 2359 641 2424 les
664 2359 777 2444 queles
807 2359 957 2424 Gascons
977 2360 1133 2425 Visconte
1148 2361 1189 2425 de
1211 2362 1338 2445 Byurue
1351 2333 1542 2461 msffi‘

191 2464 299 2529 deveit
312 2484 388 2527 ever
408 2464 448 2526 de
471 2485 534 2525 nus
554 2484 616 2547 pur
629 2462 707 2527 luie
729 2484 792 2548 pur
807 2485 867 2525 son
882 2484 1016 2548 passage
1031 2485 1049 2527 e
1064 2484 1126 2548 pur
1141 2485 1177 2527 se
1190 2485 1283 2548 genu,
1297 2464 1338 2528 ke
1352 2464 1490 2511 mmm

189 2566 213 2630 il
228 2564 335 2629 deveit
346 2585 456 2629 menet
467 2586 508 2628 en
526 2564 707 2650 pelerinuge
721 2564 762 2629 de
776 2574 870 2628 outre
883 2586 951 2628 mer
965 2565 1067 2629 oveke
1076 2586 1149 2642 nus,
1164 2564 1194 2629 le
1208 2564 1285 2649 quel
1298 2565 1339 2630 de
1343 2530 1474 2669 mim

190 2666 360 2730 deventdit
374 2666 513 2730 Edwurd
527 2665 569 2729 ud
583 2686 678 2730 reeeu
699 2665 759 2730 eeli
784 2665 933 2730 Gueone
948 2688 966 2730 e
989 2688 1025 2730 se
1038 2688 1119 2750 genu
1133 2687 1175 2729 en
1199 2688 1236 2730 sa
1249 2688 1340 2731 eum·

190 2771 305 2856 penie3
331 2791 349 2834 e
371 2770 434 2835 de
427 2791 492 2834 iees
517 2769 658 2834 seisante
678 2769 728 2833 die
750 2769 826 2833 mile
849 2768 947 2833 liures
962 2769 1030 2833 deit
1043 2780 1129 2834 estre
1143 2769 1257 2834 buillez
1279 2793 1342 2857 pur

190 2874 341 2948 chenus,
372 2894 433 2957 pur
447 2873 592 2951 viundes,
616 2893 679 2957 pur
692 2873 775 2949 nese,
790 2892 809 2935 e
824 2892 887 2956 pur
902 2892 1036 2956 passage
1051 2871 1092 2936 de
1107 2872 1168 2937 oeli
1189 2872 1341 2952 Edward,

192 2999 229 3040 ce
244 2976 285 3039 ke
298 2986 415 3039 mestre
436 2973 480 3038 lui
496 2996 579 3052 seru,
605 2986 638 3039 et
662 2994 749 3038 serra
762 2973 845 3059 peye
866 2994 925 3058 pur
944 2995 1005 3037 noe
1019 2996 1112 3059 genu,
1134 2996 1178 3039 ou
1192 2995 1252 3059 pur
1264 2996 1342 3040 oeus

191 3100 253 3164 que
266 3102 327 3142 nus
343 3078 353 3141 i
369 3089 533 3143 meterons
549 3100 569 3141 u
583 3099 671 3155 oeus,
693 3078 733 3141 de
748 3077 804 3162 qui
819 3075 867 3141 les
882 3076 999 3141 choses
1020 3077 1204 3142 deeueditee
1230 3090 1342 3142 serunt

192 3182 295 3267 prisea
310 3202 354 3244 ou
368 3181 519 3245 uchuteee
535 3202 593 3266 pur
607 3180 690 3264 ieely
708 3178 846 3243 Edwurd
858 3179 957 3264 paria
970 3201 1059 3244 vewe
1075 3181 1115 3244 de
1130 3202 1185 3244 σοι
1198 3201 1281 3264 genu
1300 3180 1341 3245 ke

105 3354 116 3367 ⁶
192 3287 214 3350 il
229 3305 324 3347 vuera
338 3305 358 3345 u
372 3304 408 3345 ce
422 3283 546 3345 uturne.
607 3282 681 3346 Esi
703 3291 872 3345 remenunt
890 3282 973 3364 jail,
988 3302 1060 3345 seru
1085 3282 1206 3346 delivre
1231 3304 1251 3345 u
1270 3282 1341 3346 ieeli

193 3383 343 3461 Edwaru
355 3382 385 3446 lu
394 3405 437 3447 ou
450 3405 511 3445 nus
523 3404 649 3447 serums
660 3392 753 3446 outre
766 3387 868 3460 mer,l
883 3403 977 3467 apres
987 3403 1023 3446 ee
1035 3382 1110 3446 keil
1125 3404 1196 3447 seru
1206 3404 1312 3447 venus
1322 3406 1341 3449 ι
1347 3406 1386 3467 so.
1398 3405 1445 3455 ιιι
1455 3411 1487 3453 1⁶.

193 3511 266 3553 nus.
312 3485 342 3549 E
357 3485 404 3550 les
420 3484 589 3549 devantdit
605 3483 743 3562 deniers,
758 3483 829 3548 iceli
846 3484 985 3547 Edwerd
1001 3496 1053 3549 est
1066 3494 1146 3549 tenu
1160 3508 1180 3549 u
1193 3484 1309 3551 rendre
1322 3508 1342 3551 ι

194 3612 267 3667 nus,
282 3598 351 3652 cest
365 3608 486 3663 usuver,
502 3586 643 3650 cheseun
658 3608 700 3648 un
716 3585 766 3649 dis
782 3584 875 3648 miles
891 3585 998 3663 liures,
1025 3608 1045 3649 u
1069 3584 1152 3651 deus
1166 3596 1286 3653 termes
1301 3588 1342 3653 de

195 3713 251 3757 sus
274 3689 417 3767 escritee,
428 3688 521 3772 jekes
543 3697 635 3751 etant
660 3687 701 3751 ke
727 3709 790 3751 nus
816 3708 937 3773 eoyone
959 3689 1217 3774 enterignement
1242 3712 1342 3776 peyez

196 3797 236 3860 de
260 3805 315 3858 tuz
340 3793 388 3857 les
414 3791 553 3856 seisaute
580 3791 630 3855 dis
653 3790 728 3855 mile
750 3791 855 3855 liures.
900 3792 931 3856 E
945 3814 1135 3858 eumeuceru
1148 3793 1180 3858 lu
1194 3794 1343 3880 primiore

195 3920 289 3985 paye,
315 3906 386 3962 uest
408 3894 535 3960 asavoir
559 3893 601 3959 de
624 3895 696 3959 cine
717 3893 793 3959 mile
817 3893 926 3974 liures,
947 3916 989 3961 en
1011 3896 1057 3959 mi
1084 3896 1188 3976 Mers,
1213 3897 1268 3961 lun
1291 3896 1345 3962 dei
