3540 4830
432 489 688 533 vrcncourruu
715 485 1000 531 nonnosuanuu.
1238 461 1298 521 103

151 640 370 706 mercatoriam
412 641 575 706 terminari
620 640 727 705 solent
765 641 798 704 in
836 638 947 723 burgis
991 647 1025 701 et
1067 633 1164 698 seriis.
1240 631 1302 708 Ita,

151 755 272 823 tamen,
309 746 395 829 quod
432 768 491 829 per
522 755 661 830 quatuor
701 744 750 808 vel
787 744 929 829 quinque
966 741 1006 806 de
1044 737 1179 803 Civibus
1212 736 1303 800 Lon-

152 849 319 911 doniarum
350 849 514 932 predictis,
544 848 599 931 qui
631 857 811 931 'presentes
845 847 966 911 fuerint
998 844 1032 907 in
1062 842 1157 906 dictis
1190 838 1301 923 burgis
1315 854 1467 916 valore.

152 950 203 1012 vel
218 951 316 1028 feriis,
332 950 546 1014 terminentur
561 949 689 1033 querele
712 949 776 1026 illa,
801 948 897 1012 salvis
923 946 1018 1011 nobis
1045 941 1301 1008 amerciamcntis

151 1055 227 1117 inde
254 1076 456 1139 quocumque
484 1055 581 1118 modo
612 1052 896 1137 provenientibus;
928 1052 968 1114 de
997 1050 1115 1135 quibus
1145 1047 1239 1112 nobis
1268 1057 1302 1111 et

152 1158 324 1221 heredibus
341 1180 438 1243 super
452 1180 581 1242 gravem
597 1157 832 1219 forisfacturam
848 1166 991 1219 nostram
1013 1154 1149 1218 fideliter
1167 1173 1301 1236 respon·

151 1259 285 1323 debunt.
332 1260 561 1324 Concessimus
576 1258 673 1321 etiam
689 1257 810 1320 eisdem
828 1256 963 1321 Civibus
980 1257 1098 1320 nostris
1107 1255 1302 1341 quitanciam

153 1363 274 1426 murdri
290 1364 372 1425 infra
399 1362 573 1424 Civitatem
598 1359 775 1445 predictam
800 1358 885 1421 etin
913 1359 1104 1422 Portsokne,
1148 1358 1195 1421 Et
1215 1358 1302 1441 quod

153 1466 262 1528 nullus
291 1465 418 1528 Civium
438 1466 583 1549 ipsorum
609 1462 706 1525 faciat
729 1460 882 1524 duellum.
928 1461 973 1524 Et
996 1462 1083 1545 quod
1108 1459 1149 1523 de
1175 1461 1302 1545 placitis

154 1569 194 1632 ad
234 1590 385 1632 coronam
428 1565 678 1651 pertinentibus,
724 1564 764 1627 de
816 1564 877 1627 hiis
928 1565 1069 1627 maxime
1119 1585 1182 1647 que
1221 1564 1305 1626 infra

155 1671 319 1733 cititatem
349 1669 527 1753 predictam
557 1677 591 1731 et
621 1668 692 1750 ejus
734 1665 924 1729 suburbium
963 1666 1031 1730 fieri
1061 1667 1239 1751 continget,
1270 1687 1305 1730 se

154 1773 282 1856 possint
335 1772 545 1834 disrationare
591 1768 770 1833 secundum
822 1769 986 1853 antiquam
1033 1770 1303 1835 consuetudinem

155 1873 305 1937 Civitatis
345 1872 497 1956 predicte.
581 1869 641 1947 Eo,
675 1881 795 1948 tamen,
831 1883 977 1956 excepto,
1007 1872 1094 1957 quod
1125 1894 1222 1958 super
1253 1884 1305 1936 tu-

157 1978 261 2039 mulos
278 1988 492 2052 mortuorum,
508 1975 548 2038 de
572 1995 611 2037 eo
628 1974 715 2057 quod
732 1974 848 2037 dicturi
872 1984 984 2039 essent
1009 1976 1139 2054 mortui,
1166 1977 1193 2039 si
1217 1977 1305 2040 vive-

156 2089 239 2154 rent,
256 2099 321 2139 non
348 2077 441 2139 liceat
465 2078 589 2161 precise
612 2078 731 2160 jurare,
750 2088 800 2139 set
826 2077 897 2140 loco
923 2090 1135 2156 mortuorum,
1150 2080 1205 2164 qui
1229 2090 1304 2144 ante

157 2182 283 2244 obitum
300 2203 392 2242 suum
410 2181 502 2244 electi
523 2181 644 2244 luerint
656 2180 697 2242 ad
724 2201 780 2242 eos
796 2179 1066 2260 disrationaudos,
1081 2183 1135 2266 qui
1152 2183 1304 2247 derebus

157 2285 197 2347 ad
228 2306 379 2347 coronam
410 2283 632 2367 spectantibus
661 2281 815 2367 appellati
845 2282 965 2345 luerint
988 2284 1040 2346 vel
1069 2287 1228 2361 affectati,
1251 2284 1304 2348 ulii

161 2384 254 2448 liberi
270 2397 302 2448 et
317 2386 434 2469 legales
451 2387 620 2470 eligantur,
636 2385 691 2468 qui
706 2385 792 2448 idem
809 2385 878 2448 sine
894 2386 1046 2450 dilutione
1062 2388 1190 2466 faciant,
1216 2387 1304 2472 quod

156 2509 214 2571 per
240 2489 414 2551 defunctos
451 2499 657 2565 memoratos,
689 2488 717 2550 si
741 2487 896 2565 viverent,
926 2488 994 2553 lieri
1024 2500 1196 2575 oporteret
1249 2491 1304 2568 Et,

157 2590 265 2668 etiam,
281 2591 367 2674 quod
392 2591 475 2653 infra
501 2612 612 2653 muros
629 2589 780 2654 Civitatis
796 2591 847 2654 vel
862 2592 958 2655 etiam
975 2593 1007 2655 in
1025 2594 1217 2671 Portsokne,
1232 2596 1305 2657 nul-

157 2693 206 2757 lus
219 2694 324 2777 capiat
339 2694 517 2777 hospitium
534 2715 590 2779 per
606 2693 670 2755 vim
688 2694 738 2755 vel
751 2692 972 2758 liberationem
990 2696 1182 2761 Marescalli.
1217 2697 1305 2761 Con·

157 2798 313 2860 cessimus
344 2798 441 2860 etiam
471 2797 593 2860 eisdem
622 2795 768 2873 Civibus,
788 2797 876 2881 quod
905 2820 964 2883 per
992 2809 1095 2864 totam
1124 2811 1241 2864 terram
1272 2812 1307 2866 et

157 2911 352 2984 potestatem
380 2911 537 2976 nostram,
551 2899 608 2962 ubi
634 2899 783 2963 venerint
808 2899 884 2963 alibi
909 2923 982 2966 cum
999 2903 1096 2967 rebus
1112 2915 1146 2968 et
1160 2927 1304 2969 mercan-

157 3003 234 3064 disis
253 3002 331 3080 suis,
344 3015 378 3066 et
392 3004 488 3067 etiam
505 3023 563 3086 per
578 3024 692 3066 omnes
704 3012 818 3087 portus
829 3004 925 3067 maris
937 3015 1004 3068 tam
1020 3007 1099 3071 citra
1108 3029 1196 3070 mare
1208 2999 1304 3091 quam

156 3105 250 3181 ultra,
266 3106 365 3188 quieti
382 3107 448 3169 sint
472 3107 512 3169 de
538 3105 703 3169 theolonio
719 3117 752 3169 et
778 3106 913 3191 lastagio
933 3119 966 3170 et
980 3110 1070 3172 omni
1086 3109 1146 3171 alis
1169 3132 1307 3174 consue·

156 3205 281 3281 tudine,
290 3218 425 3290 excepta
440 3207 560 3291 ubique
572 3205 681 3269 debita
692 3218 725 3271 et
740 3209 873 3291 antiqua
888 3209 974 3293 prisa
989 3222 1100 3273 nostra
1109 3212 1187 3289 vini,
1198 3213 1305 3290 unius,

156 3307 315 3384 videlicet,
343 3309 456 3371 tonelli
481 3320 556 3371 ante
585 3308 717 3385 malum,
740 3318 774 3372 et
788 3310 919 3372 alterius
935 3322 1020 3373 retro
1037 3313 1168 3388 malum,
1185 3335 1242 3397 per
1256 3315 1305 3378 vi-

157 3410 241 3493 ginti
264 3408 384 3472 solidos
411 3431 469 3492 pro
494 3409 616 3473 tonello
633 3411 818 3487 solvendos,
834 3411 867 3472 in
883 3411 986 3475 forma
998 3435 1061 3496 qua
1077 3414 1149 3477 Nos
1165 3426 1198 3478 et
1212 3427 1304 3480 ante-

157 3533 300 3575 cessores
317 3511 419 3573 nostri
441 3511 539 3594 hujus
565 3512 669 3594 prisas
685 3511 803 3575 hsbere
821 3514 1060 3576 consuevimus.
1105 3516 1152 3579 Et
1168 3517 1195 3580 si
1216 3518 1304 3602 ’quis
1318 3552 1325 3584 ι
1326 3553 1367 3612 s„
1381 3551 1427 3600 loo
1439 3568 1508 3601 man

157 3616 190 3677 in
212 3615 316 3697 aliqua
332 3624 488 3675 terrarum
511 3625 705 3692 nostrarum,
720 3615 800 3678 citra
819 3637 905 3679 mare
920 3616 972 3679 vel
988 3616 1081 3695 ultra,
1097 3619 1164 3683 sive
1179 3620 1212 3683 in
1230 3643 1304 3705 por·

157 3715 255 3779 tubus
272 3715 367 3778 maris
383 3716 461 3777 citra
477 3737 562 3778 mare
575 3716 625 3778 vel
641 3716 734 3795 ultra,
744 3730 856 3781 contra
870 3719 953 3783 banc
969 3722 1210 3787 concessionem
1227 3748 1304 3791 nos·

157 3832 239 3883 tram
256 3819 455 3882 theolonium
472 3819 522 3882 vel
538 3819 676 3904 aliquam
702 3822 796 3885 aliam
812 3824 1083 3888 consuetudinem
1098 3825 1139 3888 ab
1163 3827 1303 3896 homini-

158 3923 218 3985 bus
232 3922 474 3986 Londoniarum
487 3925 618 4008 ceperit,
633 3938 768 4010 excepta
779 3926 866 4010 prisa
878 3925 1031 4011 predicta,
1043 3940 1216 4016 postquam
1232 3935 1303 4019 ipse

157 4048 175 4088 a
205 4037 293 4090 recto
324 4026 487 4103 defecerit,
517 4027 733 4093 Vicecomites
775 4027 1019 4094 Londoniarum
1054 4035 1198 4100 namium
1228 4039 1304 4105 inde
