3540 4830
466 491 723 535 vicecourruu
752 489 1035 533 tortuosissimi.
1280 478 1322 534 89

175 642 344 706 dimidium
374 664 514 705 annum:
538 652 572 706 et
600 641 653 705 ille
678 640 917 725 redemptiones
945 638 1066 703 debent
1087 662 1159 704 esse
1182 641 1321 719 illorum,

175 747 229 827 qui
255 755 354 808 terras
378 744 448 806 illas
472 755 594 808 tenent.
640 747 691 808 lta
713 743 800 829 quod
823 743 851 806 si
873 741 945 827 quis
965 743 1070 826 possit
1091 743 1202 806 statim
1227 745 1321 807 satis·

174 845 277 909 facere
293 846 332 909 de
347 846 569 931 redemptione
585 867 653 924 sua,
669 846 778 908 statim
793 844 911 908 habeat
925 854 1025 907 terras
1044 865 1118 907 suas
1131 869 1140 922 ;
1162 846 1237 907 etsi
1253 867 1320 909 non

174 948 288 1031 possit,
304 949 430 1033 qualern
451 958 575 1033 partem
597 946 828 1030 redemptionis
846 968 904 1010 sue
925 946 1068 1025 solverit,
1083 947 1179 1011 talem
1196 959 1320 1032 partem

175 1049 214 1111 de
231 1060 313 1113 terra
328 1072 387 1113 sua
401 1049 536 1126 habeat3
560 1060 593 1113 et
616 1047 779 1111 residuum
795 1058 958 1111 remaneat
972 1049 1002 1112 ei
1016 1049 1072 1133 qui
1096 1060 1212 1114 terram
1228 1072 1320 1113 suam

175 1160 275 1228 tenet,
290 1173 392 1237 usque
407 1152 562 1215 terminos
584 1148 757 1235 predictos,
780 1149 843 1212 nisi
861 1149 990 1213 interim
1013 1151 1188 1215 satisfaciat
1211 1152 1251 1215 de
1272 1172 1321 1214 re·

174 1251 267 1317 siduo
291 1253 522 1337 redemptionis
549 1275 616 1317 sue.
661 1252 785 1316 Eadem
802 1253 906 1315 forma
927 1274 1080 1318 concessa
1101 1256 1164 1319 luit
1184 1255 1240 1329 eis,
1265 1255 1321 1340 qui

174 1356 306 1420 fuerunt
330 1357 364 1421 in
390 1368 496 1422 castro
522 1356 562 1419 de
586 1354 827 1430 Kenelworthe,
852 1355 880 1416 si
900 1355 1073 1434 voluerint,
1095 1358 1238 1441 exceptis
1262 1356 1321 1422 do·

175 1458 265 1521 mino
289 1460 431 1523 Henrico
452 1460 491 1523 de
511 1458 698 1539 liastinges,
719 1456 852 1519 domino
874 1456 1026 1521 Johanne
1049 1458 1089 1520 de
1111 1457 1141 1519 ln
1163 1458 1272 1535 Wsre,
1287 1469 1321 1522 et

175 1558 229 1622 illo
245 1561 299 1643 qui
314 1562 495 1644 amputavit
513 1581 659 1644 pugnum
675 1557 782 1621 nuntii
802 1557 938 1621 Domini
962 1558 1069 1641 Regis.
1116 1558 1178 1636 llli,
1200 1570 1320 1638 autem,

174 1662 229 1744 qui
258 1662 442 1726 exheredati
465 1673 543 1726 sunt
572 1673 606 1725 et
630 1661 676 1724 nil
706 1661 920 1744 deliquerunt,
950 1658 1090 1723 habeant
1119 1668 1219 1722 terras
1244 1682 1320 1723 suas

174 1763 309 1845 quietas,
330 1775 363 1827 et
378 1764 517 1847 dampna
532 1784 591 1826 sua
605 1784 663 1846 per
683 1762 974 1826 considerationem
996 1761 1092 1824 curie.
1137 1760 1183 1824 Et
1205 1773 1321 1824 notan·

174 1862 252 1925 dum
278 1864 364 1947 quod
387 1865 419 1927 in
443 1864 555 1947 primis
585 1863 812 1947 pronunciavit
839 1861 892 1926 ille
919 1863 1072 1945 Legatos,
1096 1863 1182 1946 quod
1212 1863 1321 1941 Carta,

174 1988 270 2050 quam
287 1967 356 2029 Rex
371 1968 447 2031 fecit
462 1966 655 2042 Batonibus,
678 1967 719 2029 dc
734 1988 797 2050 qua
812 1966 960 2048 superius
976 1965 1098 2028 mentio
1113 1966 1197 2029 lacta
1212 1977 1272 2042 est,
1287 1965 1321 2029 in

170 2068 323 2132 omnibus
337 2069 478 2132 articulis
489 2070 555 2133 suis
567 2068 701 2131 tirmiter
716 2067 952 2145 observaretur,
961 2075 1019 2147 ὅγε.
1032 2067 1116 2130 sicut
1125 2067 1322 2145 continetur,

172 2170 204 2232 in
231 2175 370 2255 quodam
393 2173 513 2255 scripto
541 2170 617 2234 inde
639 2170 798 2248 coniecto,
820 2172 912 2255 cujus
934 2169 1163 2252 transcriptum
1186 2169 1322 2232 missum

172 2270 233 2332 fuit
249 2272 381 2356 singulis
398 2271 614 2336 Comitatibus
631 2271 733 2355 Regni
749 2271 866 2356 Anglie
886 2272 926 2334 ad
942 2270 1124 2353 legendum,
1140 2270 1201 2334 sub
1217 2271 1321 2353 sigillo

172 2373 307 2435 Domini
326 2376 430 2457 Regis.

220 2476 338 2539 Postea
362 2477 467 2540 nuntii
490 2477 639 2539 Civitatis
662 2477 827 2540 redierunt
841 2499 860 2539 a
875 2476 984 2554 Curia,
1007 2476 1186 2539 deferentes
1210 2497 1320 2539 secum

172 2577 281 2639 literas
311 2578 445 2640 Domini
476 2579 573 2661 Regis
603 2578 726 2641 clausas
751 2589 785 2642 et
808 2589 967 2662 patentes,
998 2578 1130 2655 scilicet,
1156 2578 1190 2640 in
1212 2577 1320 2662 vigilia

173 2678 283 2742 Sancti
311 2678 467 2756 Martini;
497 2701 555 2763 per
580 2702 660 2764 quas
687 2703 876 2744 concessum
903 2692 953 2745 est
974 2680 1020 2744 eis
1045 2690 1083 2743 ut
1103 2680 1259 2765 eligerent
1280 2681 1320 2743 de

172 2781 286 2863 seipsis
309 2780 391 2842 duos
416 2780 557 2844 Ballivos
583 2782 624 2845 ad
647 2782 822 2847 Civitatem
837 2794 871 2845 et
885 2782 1156 2847 vicecomitatum
1178 2783 1321 2846 Middle·

172 2884 259 2947 sexie
274 2882 523 2947 custodiendum
538 2905 597 2969 per
614 2885 780 2968 antiquam
806 2884 942 2948 finuam.
989 2884 1096 2962 Unde,
1120 2885 1153 2949 iu
1180 2885 1320 2949 crastino

170 2986 210 3048 ad
234 2986 313 3049 illud
337 2986 476 3049 officium
496 2987 721 3071 exequendum
736 2987 830 3051 electi
854 2998 932 3050 sunt
955 2987 987 3050 in
1012 2986 1197 3063 Gildhsllia,
1212 3009 1320 3052 coram

170 3088 260 3150 omni
283 3088 415 3170 populo,
441 3088 609 3152 Johannes
632 3088 776 3152 Addrien
803 3100 837 3152 et
862 3088 968 3152 Lucas
990 3088 1030 3152 de
1054 3090 1241 3168 Batencurt
1263 3091 1320 3176 qui

170 3190 345 3271 presentati
360 3189 400 3249 ad
417 3189 616 3253 Scaccarium
632 3189 779 3267 admissis
793 3200 872 3252 sunt
886 3211 963 3252 vero
975 3202 1008 3251 et
1018 3191 1129 3273 jurati.
1323 3215 1363 3272 χο,
1377 3216 1423 3263 100
1434 3225 1467 3264 φ,

215 3291 341 3366 Postea,
367 3290 400 3352 in
427 3291 511 3354 festo
535 3291 652 3354 Sancte
677 3292 777 3354 Lucie
799 3291 952 3372 Virginis,
974 3300 1114 3353 castrum
1132 3292 1173 3354 de
1198 3291 1319 3355 Kenel·

169 3390 291 3454 worthe
309 3391 471 3454 redditum
486 3402 537 3454 est
557 3391 701 3454 Domino
725 3392 827 3474 Regi3
850 3391 885 3452 in
907 3390 1095 3455 obsessione
1114 3392 1206 3475 cujus
1221 3394 1317 3456 castri

169 3494 333 3556 Dominus
360 3493 430 3556 Rex
456 3492 518 3555 suit
546 3513 619 3554 curn
651 3514 791 3575 mangno
806 3491 981 3553 exercitus
1007 3491 1092 3555 festo
1123 3491 1314 3557 Nativitatis

170 3594 279 3659 Sancti
302 3594 462 3659 Johannis
487 3593 635 3676 Baptista
651 3615 752 3676 usque
775 3594 816 3656 ad
835 3593 926 3655 illum
949 3592 1045 3671 diem,
1067 3594 1155 3679 quod
1175 3604 1316 3658 castrum

167 3695 288 3759 inimici
305 3696 353 3757 sui
369 3705 402 3757 et
417 3694 562 3757 infideles
578 3715 650 3757 cum
663 3695 761 3756 armis
776 3705 952 3758 tenuerunt
963 3706 1075 3759 contra
1089 3696 1206 3780 ipsum.

213 3799 287 3862 lloc
301 3819 397 3874 anno,
412 3807 487 3859 ante
503 3797 621 3860 festum
647 3797 759 3861 Sancti
781 3798 952 3862 Michaelis
973 3798 1160 3883 precedens,
1182 3798 1239 3874 illi,
1260 3799 1316 3883 qui

167 3901 272 3965 vocati
289 3910 366 3963 sunt
376 3899 573 3976 exheredati,
588 3909 769 3983 posuerunt
783 3923 817 3963 se
833 3901 864 3963 in
882 3900 987 3964 insula
1002 3900 1042 3962 de
1055 3899 1129 3984 Ely,
1143 3899 1228 3962 illam
1241 3921 1316 3963 cum

167 4005 264 4067 armis
287 4003 483 4079 munientes,
497 4013 530 4065 et
546 4024 584 4065 ex
601 4003 654 4064 illa
671 4003 864 4068 multociens
879 4004 1038 4082 exierunt,
1053 4001 1267 4087 depredantes
1285 4012 1318 4066 et

213 4127 327 4169 cauo.
353 4125 426 4169 soc.
993 4129 1014 4168 s
