3540 4830
468 473 724 518 vrcscoisrruss
754 475 1038 520 coxnosvsnnsr.
1293 466 1330 522 st

179 620 277 687 Cives
302 625 406 690 nostri
427 626 674 690 Londoniarum
688 626 835 692 iecerunt
849 627 1019 694 nobiscum
1035 650 1094 713 pro
1109 629 1333 713 redemptione

177 748 246 803 sua,
267 728 436 792 occasione
457 730 750 814 transgressionum
767 754 824 794 seu
840 753 1031 796 excessuum
1047 732 1143 796 nobis
1159 743 1192 796 et
1209 734 1333 818 Regina

176 837 286 892 nostre
301 838 335 892 et
351 830 499 906 Ricardo,
514 829 632 892 illustri
648 830 729 914 Regi
751 831 953 911 Alemannie,
970 834 1058 897 iratri
1074 844 1198 911 nostro,
1217 845 1250 898 et
1267 834 1334 898 Ed·

177 931 284 995 wardo
304 931 520 1017 primogenito
540 942 664 1009 nostro,
680 931 712 994 in
729 932 912 999 turbatione
927 935 961 999 in
977 957 1076 1020 regno
1097 945 1209 999 nostro
1225 935 1335 1000 habita

178 1055 235 1117 per
249 1033 338 1119 ipsos
356 1035 515 1106 lectorum
536 1033 588 1098 rel
611 1034 850 1119 impositorum,
875 1059 990 1101 omnes
1014 1038 1286 1123 transgressiones
1301 1050 1336 1102 et

176 1158 327 1202 excessus
342 1139 414 1204 illos
429 1139 551 1203 eisdem
568 1136 703 1202 Civibus
719 1149 753 1201 et
776 1160 888 1203 eorum
905 1141 1078 1205 heredibus
1103 1165 1162 1226 pro
1190 1142 1286 1206 nobis
1301 1153 1335 1206 et

177 1241 349 1306 heredibus
363 1243 484 1307 nostris
505 1242 711 1328 quantumin
729 1241 823 1307 nobis
838 1257 890 1307 est
911 1245 1057 1310 totaliter
1083 1245 1281 1310 remittimus
1301 1258 1336 1310 et

178 1345 405 1428 perdonamus,
415 1345 477 1410 sub
487 1346 547 1409 hac
557 1346 674 1421 [οπως
686 1344 847 1424 videlicet,
857 1346 944 1430 quod
955 1347 1096 1411 habeant
1105 1369 1219 1411 omnes
1229 1347 1335 1413 exitus

178 1448 340 1513 redituum
356 1448 616 1534 provenientium
632 1449 672 1512 de
694 1448 845 1512 domibus
867 1459 902 1513 et
923 1452 1118 1515 tenementis
1140 1462 1207 1515 tam
1229 1451 1261 1513 in
1280 1451 1335 1515 Ci-

178 1549 279 1616 vitate
293 1552 437 1637 predicta
452 1573 549 1635 quarn
564 1550 597 1613 in
614 1549 760 1634 ejusdem
778 1548 946 1629 suburbio,
962 1551 1002 1615 de
1018 1551 1157 1615 termino
1186 1552 1335 1615 Nathalis

180 1653 315 1718 Domini
335 1654 484 1739 proximo
500 1653 666 1738 preterito,
682 1653 727 1716 ita
747 1664 855 1717 tamen
871 1654 958 1737 quod
975 1654 1184 1738 postmodum
1208 1653 1248 1716 de
1264 1654 1335 1718 red-

179 1756 303 1820 ditibus
317 1758 391 1836 illis,
406 1768 504 1843 prout
524 1758 653 1841 justum
670 1756 777 1834 luerit,
804 1757 1003 1821 satisfaciant
1025 1757 1282 1841 quibuscunque,
1303 1768 1337 1821 et

180 1861 266 1944 quod
282 1860 422 1924 habeant
437 1861 547 1924 omnia
562 1862 647 1924 bona
662 1871 696 1923 et
710 1860 824 1923 catalla
847 1860 1088 1924 malefactorum
1112 1861 1259 1946 ejusdem
1281 1861 1336 1924 ci-

178 1961 298 2039 vitatis,
314 1962 418 2045 quiin
434 1961 619 2026 turbatione
635 1962 793 2046 preldicta
808 1972 922 2027 contra
936 1984 997 2026 nos
1013 1972 1048 2026 et
1059 1963 1255 2026 Edwardum
1272 1963 1381 2047 pri-su·
1394 1969 1424 2015 97
1438 1977 1469 2014 ’⁰-

180 2066 379 2149 mogenitum
395 2075 543 2129 nostrum
558 2065 745 2143 extiterunt,
760 2075 794 2129 et
809 2065 862 2149 qui
878 2065 953 2130 inde
965 2065 1111 2131 indictati
1127 2076 1206 2131 sunt
1220 2065 1272 2129 vel
1288 2067 1336 2130 iu·

179 2168 333 2246 dictandi,
342 2168 486 2253 exceptis
496 2167 591 2232 bonis
606 2179 641 2232 et
655 2167 776 2232 catallis
792 2189 916 2244 eorum,
932 2190 1070 2252 quorum
1085 2190 1220 2254 corpora
1231 2168 1337 2233 eidem

178 2269 245 2333 filio
256 2280 368 2335 nostro
380 2269 650 2345 concessimus,et
659 2270 803 2352 exceptis
813 2268 1087 2347 domibus,terris,
1096 2269 1293 2333 tenementis
1304 2281 1338 2334 et

179 2371 360 2435 redditibus
367 2370 496 2434 Civium
508 2370 702 2447 eorundum,
712 2392 774 2454 que
785 2380 862 2433 sunt
872 2380 906 2433 et
914 2392 985 2433 esse
996 2369 1116 2436 debent
1125 2381 1251 2433 escaeta
1261 2392 1337 2433 nos-

179 2485 239 2552 tra,
251 2474 419 2538 occasione
428 2473 718 2557 transgressionum
731 2472 944 2556 predictarum
956 2497 965 2550 ;
976 2484 1010 2536 et
1019 2474 1106 2558 quod
1116 2471 1256 2536 habeant
1267 2497 1337 2537 om·

178 2576 232 2641 nia
244 2576 330 2640 bona
338 2588 372 2640 et
383 2575 495 2641 catalla
507 2575 639 2641 Civium
651 2575 796 2660 ejusdem
810 2575 884 2642 ville
891 2575 923 2639 in
934 2576 1081 2660 partibus
1093 2576 1242 2641 Flandrie
1252 2598 1337 2641 ares-

178 2691 256 2760 tata‚
271 2681 415 2765 exceptis
430 2679 552 2744 catallis
568 2689 602 2744 et
616 2679 710 2745 bonis
726 2701 850 2757 eorum,
866 2679 920 2763 qui
936 2701 994 2764 per
1010 2679 1186 2763 legitimam
1202 2680 1337 2764 inquisi-

179 2785 302 2850 tionem
317 2783 457 2849 inveniri
472 2784 524 2848 vel
538 2783 687 2849 convinci
703 2783 847 2868 poterint
862 2782 1011 2848 inimicos
1027 2795 1158 2848 nostros
1178 2785 1337 2849 extitisse.

180 2889 226 2953 Et
239 2887 328 2973 quod
339 2909 453 2952 omnes
465 2887 612 2972 prisones
622 2887 768 2970 ejusdem
786 2885 948 2964 Civitatis,
963 2887 1107 2972 exceptis
1123 2886 1186 2950 illis
1197 2908 1336 2971 quorum

179 3013 314 3077 corpora
339 2991 464 3076 prefato
490 2989 556 3055 filio
583 3001 697 3055 nostro
720 2989 825 3075 primo
846 2989 1041 3067 dedimus,a
1061 2990 1193 3075 prisona
1217 2988 1337 3054 delibe-

179 3105 310 3171 rentur3
334 3093 478 3177 exceptis
499 3094 596 3157 etiam
621 3092 819 3177 prisonibus,
839 3113 897 3177 per
917 3114 973 3156 eos
1000 3092 1098 3156 Cives
1117 3092 1282 3157 indictatis
1303 3101 1338 3154 et

179 3197 293 3281 captis,
315 3206 348 3259 et
373 3195 569 3259 indictandis
592 3204 626 3258 et
647 3195 823 3279 capiendis.
869 3195 914 3256 Et
936 3195 1024 3278 quod
1045 3194 1175 3258 obsides
1202 3193 1333 3257 Civium

178 3298 396 3382 predictorum
412 3319 472 3381 pro
487 3296 660 3360 securitate
681 3295 827 3379 ejusdem
846 3294 996 3358 Civitatis
1013 3295 1108 3359 nobis
1127 3295 1266 3372 traditis,
1282 3317 1336 3357 ex-

179 3401 282 3485 ceptis
304 3398 474 3463 obsidibus
504 3398 672 3482 prisonum
704 3398 840 3480 predicti
874 3397 932 3460 filii
966 3398 1081 3474 nostri,
1109 3407 1144 3461 et
1166 3395 1336 3461 obsidibus

179 3504 400 3588 fugitivorum,
432 3502 458 3564 si
489 3502 544 3586 qui
576 3501 707 3579 suerint,
741 3501 889 3564 similiter
925 3501 1163 3576 deliberentur3
1193 3510 1227 3563 et
1249 3499 1337 3583 quod

179 3609 220 3672 de
245 3606 341 3671 bonis
364 3606 494 3669 Civium
519 3604 746 3668 defunctorum
784 3604 817 3666 in
850 3602 992 3667 Civitate
1023 3604 1177 3688 predicta,
1206 3626 1225 3666 a
1255 3613 1337 3666 tern-

179 3730 255 3796 pore
293 3731 357 3792 quo
387 3708 450 3793 ipsi
489 3707 586 3771 Cives
614 3729 649 3770 ae
687 3706 846 3770 voluntati
878 3716 987 3770 nostre
1014 3704 1245 3780 submiserunt,
1282 3703 1339 3766 fist

178 3810 376 3878 contributio
425 3811 466 3875 ad
504 3810 763 3894 redemptionem
804 3809 983 3894 predictam
1030 3831 1090 3894 pro
1133 3807 1339 3893 portionibus

179 3915 257 3993 suis,
284 3914 462 3978 secundum
501 3913 670 3977 facultates
710 3913 857 3997 ipsorum
902 3911 1142 3988 defunctorum,
1186 3910 1271 3975 sicut
1306 3920 1339 3974 et

179 4019 313 4083 aliorum
342 4016 484 4095 Civium,
509 4017 563 4102 qui
587 4015 780 4102 superstites
805 4024 884 4079 sunt
906 4014 939 4078 in
963 4015 1104 4080 Civitate
1127 4013 1284 4099 predicta.
1307 4023 1341 4076 et

222 4142 336 4186 cauo.
352 4142 426 4187 soc.
1124 4138 1149 4180 is
