<?xml version="1.0" encoding="UTF-8"?>
<!DOCTYPE html PUBLIC "-//W3C//DTD XHTML 1.0 Transitional//EN"
    "http://www.w3.org/TR/xhtml1/DTD/xhtml1-transitional.dtd">
<html xmlns="http://www.w3.org/1999/xhtml" xml:lang="en" lang="en">
 <head>
  <title>
</title>
<meta http-equiv="Content-Type" content="text/html;charset=utf-8" />
  <meta name='ocr-system' content='tesseract 3.04.00' />
  <meta name='ocr-capabilities' content='ocr_page ocr_carea ocr_par ocr_line ocrx_word'/>
</head>
<body>
  <div class='ocr_page' id='page_1' title='image "./deantiquislegib01fitzgoog_0504.png"; bbox 0 0 3540 4830; ppageno 0'>
   <div class='ocr_carea' id='block_1_1' title="bbox 691 468 1337 525">
    <p class='ocr_par' dir='ltr' id='par_1_1' title="bbox 691 468 1337 525">
     <span class='ocr_line' id='line_1_1' title="bbox 691 468 1337 525; baseline 0.006 -4"><span class='ocrx_word' id='word_1_1' title='bbox 691 478 889 523; x_wconf 69' lang='lat' dir='ltr'>Arnnunrx.</span> <span class='ocrx_word' id='word_1_2' title='bbox 1273 468 1337 525; x_wconf 76' lang='lat'>288</span> 
     </span>
    </p>
   </div>
   <div class='ocr_carea' id='block_1_2' title="bbox 182 629 1485 3300">
    <p class='ocr_par' dir='ltr' id='par_1_2' title="bbox 184 629 1339 855">
     <span class='ocr_line' id='line_1_2' title="bbox 184 629 1339 692; baseline 0.003 -14"><span class='ocrx_word' id='word_1_3' title='bbox 184 633 250 678; x_wconf 79' lang='lat' dir='ltr'>diets</span> <span class='ocrx_word' id='word_1_4' title='bbox 260 631 340 677; x_wconf 82' lang='lat' dir='ltr'>sreris</span> <span class='ocrx_word' id='word_1_5' title='bbox 351 629 449 691; x_wconf 81' lang='lat' dir='ltr'>ceperit,</span> <span class='ocrx_word' id='word_1_6' title='bbox 460 644 489 676; x_wconf 83' lang='lat' dir='ltr'>es</span> <span class='ocrx_word' id='word_1_7' title='bbox 500 630 632 676; x_wconf 80' lang='lat' dir='ltr'>deiibenre</span> <span class='ocrx_word' id='word_1_8' title='bbox 642 632 722 692; x_wconf 71' lang='lat' dir='ltr'>pouit,</span> <span class='ocrx_word' id='word_1_9' title='bbox 738 633 757 678; x_wconf 91' lang='lat' dir='ltr'>si</span> <span class='ocrx_word' id='word_1_10' title='bbox 774 639 843 678; x_wconf 79' lang='lat' dir='ltr'>extrs</span> <span class='ocrx_word' id='word_1_11' title='bbox 859 632 979 679; x_wconf 82' lang='lat' dir='ltr'>iibertstes</span> <span class='ocrx_word' id='word_1_12' title='bbox 989 637 1060 692; x_wconf 73' lang='lat' dir='ltr'>esptu</span> <span class='ocrx_word' id='word_1_13' title='bbox 1072 631 1168 680; x_wconf 81' lang='lat' dir='ltr'>inerint.</span> <span class='ocrx_word' id='word_1_14' title='bbox 1203 632 1264 681; x_wconf 77' lang='lat' dir='ltr'>Etsi</span> <span class='ocrx_word' id='word_1_15' title='bbox 1277 634 1339 681; x_wconf 78' lang='lat' dir='ltr'>inin</span> 
     </span>
     <span class='ocr_line' id='line_1_3' title="bbox 185 712 1338 773; baseline 0.003 -14"><span class='ocrx_word' id='word_1_16' title='bbox 185 715 305 759; x_wconf 81' lang='lat' dir='ltr'>libertstee</span> <span class='ocrx_word' id='word_1_17' title='bbox 317 712 452 772; x_wconf 86' lang='lat' dir='ltr'>hujusmodi</span> <span class='ocrx_word' id='word_1_18' title='bbox 468 713 547 758; x_wconf 77' lang='lat' dir='ltr'>everis</span> <span class='ocrx_word' id='word_1_19' title='bbox 561 714 686 773; x_wconf 80' lang='lat' dir='ltr'>ospisntur</span> <span class='ocrx_word' id='word_1_20' title='bbox 705 720 729 760; x_wconf 91' lang='lat' dir='ltr'>et</span> <span class='ocrx_word' id='word_1_21' title='bbox 746 714 836 760; x_wconf 70' lang='lat' dir='ltr'>baillivi</span> <span class='ocrx_word' id='word_1_22' title='bbox 859 714 996 760; x_wconf 83' lang='lat' dir='ltr'>libertsturn</span> <span class='ocrx_word' id='word_1_23' title='bbox 1014 728 1043 760; x_wconf 92' lang='lat' dir='ltr'>es</span> <span class='ocrx_word' id='word_1_24' title='bbox 1059 715 1191 762; x_wconf 83' lang='lat' dir='ltr'>delibersre</span> <span class='ocrx_word' id='word_1_25' title='bbox 1209 716 1338 773; x_wconf 80' lang='lat' dir='ltr'>notuerint,</span> 
     </span>
     <span class='ocr_line' id='line_1_4' title="bbox 184 796 1088 855; baseline 0.001 -12"><span class='ocrx_word' id='word_1_26' title='bbox 184 805 244 843; x_wconf 85' lang='lat' dir='ltr'>tuno</span> <span class='ocrx_word' id='word_1_27' title='bbox 256 797 392 842; x_wconf 81' lang='lat' dir='ltr'>vicecomes</span> <span class='ocrx_word' id='word_1_28' title='bbox 403 809 446 855; x_wconf 88' lang='lat' dir='ltr'>pro</span> <span class='ocrx_word' id='word_1_29' title='bbox 457 796 552 841; x_wconf 80' lang='lat' dir='ltr'>deiectu</span> <span class='ocrx_word' id='word_1_30' title='bbox 564 797 659 842; x_wconf 84' lang='lat' dir='ltr'>iliorum</span> <span class='ocrx_word' id='word_1_31' title='bbox 671 797 822 842; x_wconf 80' lang='lat' dir='ltr'>beiilirorum</span> <span class='ocrx_word' id='word_1_32' title='bbox 833 811 861 842; x_wconf 82' lang='lat' dir='ltr'>es</span> <span class='ocrx_word' id='word_1_33' title='bbox 872 797 943 842; x_wconf 68' lang='lat' dir='ltr'>beist</span> <span class='ocrx_word' id='word_1_34' title='bbox 954 796 1088 844; x_wconf 79' lang='lat' dir='ltr'>delibenri.</span> 
     </span>
    </p>

    <p class='ocr_par' dir='ltr' id='par_1_3' title="bbox 185 878 1426 1183">
     <span class='ocr_line' id='line_1_5' title="bbox 219 878 1426 939; baseline 0 -15"><span class='ocrx_word' id='word_1_35' title='bbox 219 879 306 924; x_wconf 85' lang='lat' dir='ltr'>Nullus</span> <span class='ocrx_word' id='word_1_36' title='bbox 322 879 353 924; x_wconf 89' lang='lat' dir='ltr'>de</span> <span class='ocrx_word' id='word_1_37' title='bbox 371 885 450 924; x_wconf 80' lang='lat' dir='ltr'>cetero</span> <span class='ocrx_word' id='word_1_38' title='bbox 464 878 536 938; x_wconf 70' lang='lat' dir='ltr'>ponit</span> <span class='ocrx_word' id='word_1_39' title='bbox 552 878 693 938; x_wconf 73' lang='lat' dir='ltr'>distringere</span> <span class='ocrx_word' id='word_1_40' title='bbox 704 879 778 925; x_wconf 81' lang='lat' dir='ltr'>iibere</span> <span class='ocrx_word' id='word_1_41' title='bbox 788 885 896 925; x_wconf 71' lang='lat' dir='ltr'>tenentes</span> <span class='ocrx_word' id='word_1_42' title='bbox 906 893 961 925; x_wconf 86' lang='lat' dir='ltr'>suos</span> <span class='ocrx_word' id='word_1_43' title='bbox 971 878 1002 923; x_wconf 89' lang='lat' dir='ltr'>sd</span> <span class='ocrx_word' id='word_1_44' title='bbox 1015 880 1208 939; x_wconf 84' lang='lat' dir='ltr'>respondendum</span> <span class='ocrx_word' id='word_1_45' title='bbox 1219 879 1250 926; x_wconf 84' lang='lat' dir='ltr'>de</span> <span class='ocrx_word' id='word_1_46' title='bbox 1262 880 1336 927; x_wconf 84' lang='lat' dir='ltr'>libero</span> <span class='ocrx_word' id='word_1_47' title='bbox 1348 892 1426 925; x_wconf 68' lang='lat' dir='ltr'>trev.</span> 
     </span>
     <span class='ocr_line' id='line_1_6' title="bbox 185 960 1335 1022; baseline 0.002 -15"><span class='ocrx_word' id='word_1_48' title='bbox 185 968 321 1007; x_wconf 77' lang='lat' dir='ltr'><strong>tenemento</strong></span> <span class='ocrx_word' id='word_1_49' title='bbox 332 974 375 1005; x_wconf 84' lang='lat' dir='ltr'>eno</span> <span class='ocrx_word' id='word_1_50' title='bbox 387 974 431 1005; x_wconf 85' lang='lat' dir='ltr'>neo</span> <span class='ocrx_word' id='word_1_51' title='bbox 443 960 473 1005; x_wconf 91' lang='lat' dir='ltr'>de</span> <span class='ocrx_word' id='word_1_52' title='bbox 484 960 604 1019; x_wconf 85' lang='lat' dir='ltr'>sliquibus</span> <span class='ocrx_word' id='word_1_53' title='bbox 615 962 646 1006; x_wconf 90' lang='lat' dir='ltr'>sd</span> <span class='ocrx_word' id='word_1_54' title='bbox 659 962 760 1007; x_wconf 85' lang='lat' dir='ltr'>liberum</span> <span class='ocrx_word' id='word_1_55' title='bbox 772 968 935 1008; x_wconf 70' lang='lat' dir='ltr'>tenementum</span> <span class='ocrx_word' id='word_1_56' title='bbox 946 975 1016 1007; x_wconf 88' lang='lat' dir='ltr'>suum</span> <span class='ocrx_word' id='word_1_57' title='bbox 1027 962 1189 1022; x_wconf 68' lang='lat' dir='ltr'>spectantibus</span> <span class='ocrx_word' id='word_1_58' title='bbox 1200 975 1244 1007; x_wconf 84' lang='lat' dir='ltr'>neo</span> <span class='ocrx_word' id='word_1_59' title='bbox 1252 963 1335 1022; x_wconf 78' lang='lat' dir='ltr'>Junre</span> 
     </span>
     <span class='ocr_line' id='line_1_7' title="bbox 185 1040 1334 1102; baseline 0.004 -17"><span class='ocrx_word' id='word_1_60' title='bbox 185 1042 255 1086; x_wconf 78' lang='lat' dir='ltr'>tucist</span> <span class='ocrx_word' id='word_1_61' title='bbox 267 1041 340 1086; x_wconf 87' lang='lat' dir='ltr'>iibere</span> <span class='ocrx_word' id='word_1_62' title='bbox 351 1047 459 1086; x_wconf 82' lang='lat' dir='ltr'>tenentes</span> <span class='ocrx_word' id='word_1_63' title='bbox 469 1055 523 1086; x_wconf 89' lang='lat' dir='ltr'>suos</span> <span class='ocrx_word' id='word_1_64' title='bbox 533 1047 616 1087; x_wconf 78' lang='lat' dir='ltr'>contre</span> <span class='ocrx_word' id='word_1_65' title='bbox 627 1040 773 1088; x_wconf 79' lang='lat' dir='ltr'>voluntstem</span> <span class='ocrx_word' id='word_1_66' title='bbox 789 1055 865 1098; x_wconf 78' lang='lat' dir='ltr'>susm,</span> <span class='ocrx_word' id='word_1_67' title='bbox 881 1043 943 1088; x_wconf 83' lang='lat' dir='ltr'>sieut</span> <span class='ocrx_word' id='word_1_68' title='bbox 954 1040 1035 1087; x_wconf 89' lang='lat' dir='ltr'>nuilus</span> <span class='ocrx_word' id='word_1_69' title='bbox 1046 1041 1123 1088; x_wconf 81' lang='lat' dir='ltr'>isoere</span> <span class='ocrx_word' id='word_1_70' title='bbox 1134 1047 1209 1102; x_wconf 74' lang='lat' dir='ltr'>potest</span> <span class='ocrx_word' id='word_1_71' title='bbox 1220 1041 1271 1089; x_wconf 85' lang='lat' dir='ltr'>sine</span> <span class='ocrx_word' id='word_1_72' title='bbox 1281 1057 1334 1102; x_wconf 73' lang='lat' dir='ltr'>pre·</span> 
     </span>
     <span class='ocr_line' id='line_1_8' title="bbox 186 1123 457 1183; baseline 0 -15"><span class='ocrx_word' id='word_1_73' title='bbox 186 1131 255 1183; x_wconf 81' lang='lat' dir='ltr'>cepto</span> <span class='ocrx_word' id='word_1_74' title='bbox 268 1123 366 1168; x_wconf 86' lang='lat' dir='ltr'>Domini</span> <span class='ocrx_word' id='word_1_75' title='bbox 380 1123 457 1183; x_wconf 69' lang='lat' dir='ltr'>Regio.</span> 
     </span>
    </p>

    <p class='ocr_par' dir='ltr' id='par_1_4' title="bbox 185 1201 1484 1508">
     <span class='ocr_line' id='line_1_9' title="bbox 218 1201 1436 1264; baseline -0.001 -15"><span class='ocrx_word' id='word_1_76' title='bbox 218 1205 341 1250; x_wconf 85' lang='lat' dir='ltr'>Provisum</span> <span class='ocrx_word' id='word_1_77' title='bbox 357 1211 392 1251; x_wconf 86' lang='lat' dir='ltr'>est</span> <span class='ocrx_word' id='word_1_78' title='bbox 409 1205 481 1250; x_wconf 82' lang='lat' dir='ltr'>etism</span> <span class='ocrx_word' id='word_1_79' title='bbox 498 1203 562 1263; x_wconf 88' lang='lat' dir='ltr'>quod</span> <span class='ocrx_word' id='word_1_80' title='bbox 579 1204 682 1259; x_wconf 79' lang='lat' dir='ltr'>Buiiiivi,</span> <span class='ocrx_word' id='word_1_81' title='bbox 695 1205 738 1263; x_wconf 87' lang='lat' dir='ltr'>qui</span> <span class='ocrx_word' id='word_1_82' title='bbox 749 1211 885 1264; x_wconf 82' lang='lat' dir='ltr'>compotum</span> <span class='ocrx_word' id='word_1_83' title='bbox 898 1204 1006 1250; x_wconf 89' lang='lat' dir='ltr'>Dominis</span> <span class='ocrx_word' id='word_1_84' title='bbox 1017 1205 1066 1251; x_wconf 94' lang='lat' dir='ltr'>snis</span> <span class='ocrx_word' id='word_1_85' title='bbox 1076 1205 1176 1252; x_wconf 77' lang='lat' dir='ltr'>reddere</span> <span class='ocrx_word' id='word_1_86' title='bbox 1186 1212 1300 1252; x_wconf 85' lang='lat' dir='ltr'>tenentur</span> <span class='ocrx_word' id='word_1_87' title='bbox 1310 1213 1334 1253; x_wconf 91' lang='lat' dir='ltr'>et</span> <span class='ocrx_word' id='word_1_88' title='bbox 1347 1201 1436 1249; x_wconf 61' lang='lat' dir='ltr'>extri.</span> 
     </span>
     <span class='ocr_line' id='line_1_10' title="bbox 185 1282 1484 1349; baseline 0.002 -17"><span class='ocrx_word' id='word_1_89' title='bbox 185 1301 210 1332; x_wconf 92' lang='lat' dir='ltr'>se</span> <span class='ocrx_word' id='word_1_90' title='bbox 227 1288 399 1333; x_wconf 73' lang='lat' dir='ltr'>substraxerint</span> <span class='ocrx_word' id='word_1_91' title='bbox 414 1294 438 1333; x_wconf 87' lang='lat' dir='ltr'>et</span> <span class='ocrx_word' id='word_1_92' title='bbox 448 1293 523 1334; x_wconf 87' lang='lat' dir='ltr'>terrss</span> <span class='ocrx_word' id='word_1_93' title='bbox 533 1294 557 1333; x_wconf 88' lang='lat' dir='ltr'>et</span> <span class='ocrx_word' id='word_1_94' title='bbox 568 1293 703 1332; x_wconf 88' lang='lat' dir='ltr'>tenements</span> <span class='ocrx_word' id='word_1_95' title='bbox 715 1300 762 1332; x_wconf 89' lang='lat' dir='ltr'>non</span> <span class='ocrx_word' id='word_1_96' title='bbox 774 1286 901 1332; x_wconf 78' lang='lat' dir='ltr'>bsbnerint</span> <span class='ocrx_word' id='word_1_97' title='bbox 912 1300 1013 1345; x_wconf 85' lang='lat' dir='ltr'>perque</span> <span class='ocrx_word' id='word_1_98' title='bbox 1024 1287 1134 1347; x_wconf 72' lang='lat' dir='ltr'>distringi</span> <span class='ocrx_word' id='word_1_99' title='bbox 1145 1289 1242 1348; x_wconf 82' lang='lat' dir='ltr'>possint,</span> <span class='ocrx_word' id='word_1_100' title='bbox 1257 1285 1261 1349; x_wconf 89' lang='grc' dir='ltr'>Ι</span> <span class='ocrx_word' id='word_1_101' title='bbox 1276 1294 1334 1335; x_wconf 84' lang='lat' dir='ltr'>tuno</span> <span class='ocrx_word' id='word_1_102' title='bbox 1340 1282 1380 1341; x_wconf 76' lang='lat' dir='ltr'>so·</span> <span class='ocrx_word' id='word_1_103' title='bbox 1395 1282 1440 1329; x_wconf 81' lang='grc'>153</span> <span class='ocrx_word' id='word_1_104' title='bbox 1452 1289 1484 1329; x_wconf 55' lang='lat' dir='ltr'>fl·-</span> 
     </span>
     <span class='ocr_line' id='line_1_11' title="bbox 186 1366 1335 1428; baseline 0.002 -14"><span class='ocrx_word' id='word_1_105' title='bbox 186 1383 229 1428; x_wconf 86' lang='lat' dir='ltr'>per</span> <span class='ocrx_word' id='word_1_106' title='bbox 244 1382 325 1414; x_wconf 87' lang='lat' dir='ltr'>eorum</span> <span class='ocrx_word' id='word_1_107' title='bbox 337 1382 436 1428; x_wconf 87' lang='lat' dir='ltr'>oorpors</span> <span class='ocrx_word' id='word_1_108' title='bbox 446 1369 614 1426; x_wconf 83' lang='lat' dir='ltr'>sttsobientur,</span> <span class='ocrx_word' id='word_1_109' title='bbox 626 1370 659 1414; x_wconf 76' lang='lat' dir='ltr'>ite</span> <span class='ocrx_word' id='word_1_110' title='bbox 669 1368 734 1427; x_wconf 86' lang='lat' dir='ltr'>quod</span> <span class='ocrx_word' id='word_1_111' title='bbox 747 1366 891 1423; x_wconf 84' lang='lat' dir='ltr'>Vieeoomes,</span> <span class='ocrx_word' id='word_1_112' title='bbox 903 1367 927 1412; x_wconf 90' lang='lat' dir='ltr'>in</span> <span class='ocrx_word' id='word_1_113' title='bbox 938 1369 1007 1427; x_wconf 76' lang='lat' dir='ltr'>ouJus</span> <span class='ocrx_word' id='word_1_114' title='bbox 1018 1368 1115 1414; x_wconf 79' lang='lat' dir='ltr'>bsiilirs</span> <span class='ocrx_word' id='word_1_115' title='bbox 1125 1370 1284 1427; x_wconf 75' lang='lat' dir='ltr'>invenientur,</span> <span class='ocrx_word' id='word_1_116' title='bbox 1295 1386 1335 1417; x_wconf 88' lang='lat' dir='ltr'>eos</span> 
     </span>
     <span class='ocr_line' id='line_1_12' title="bbox 186 1447 781 1508; baseline 0 -16"><span class='ocrx_word' id='word_1_117' title='bbox 186 1451 265 1495; x_wconf 82' lang='lat' dir='ltr'>venire</span> <span class='ocrx_word' id='word_1_118' title='bbox 274 1449 344 1494; x_wconf 72' lang='lat' dir='ltr'>facist</span> <span class='ocrx_word' id='word_1_119' title='bbox 351 1448 381 1493; x_wconf 81' lang='lat' dir='ltr'>sd</span> <span class='ocrx_word' id='word_1_120' title='bbox 394 1455 530 1508; x_wconf 83' lang='lat' dir='ltr'>compotum</span> <span class='ocrx_word' id='word_1_121' title='bbox 541 1463 611 1494; x_wconf 90' lang='lat' dir='ltr'>suum</span> <span class='ocrx_word' id='word_1_122' title='bbox 624 1447 781 1493; x_wconf 85' lang='lat' dir='ltr'>reddendum.</span> 
     </span>
    </p>

    <p class='ocr_par' dir='ltr' id='par_1_5' title="bbox 183 1522 1443 1914">
     <span class='ocr_line' id='line_1_13' title="bbox 218 1522 1443 1590; baseline -0.002 -13"><span class='ocrx_word' id='word_1_123' title='bbox 218 1531 279 1577; x_wconf 85' lang='lat' dir='ltr'>Item</span> <span class='ocrx_word' id='word_1_124' title='bbox 298 1531 395 1575; x_wconf 84' lang='lat' dir='ltr'>tirmsrii</span> <span class='ocrx_word' id='word_1_125' title='bbox 413 1537 519 1590; x_wconf 87' lang='lat' dir='ltr'>tempore</span> <span class='ocrx_word' id='word_1_126' title='bbox 533 1531 654 1575; x_wconf 75' lang='lat' dir='ltr'>firmorum</span> <span class='ocrx_word' id='word_1_127' title='bbox 668 1544 765 1575; x_wconf 73' lang='lat' dir='ltr'>suerum</span> <span class='ocrx_word' id='word_1_128' title='bbox 781 1534 880 1575; x_wconf 72' lang='lat' dir='ltr'>vntum</span> <span class='ocrx_word' id='word_1_129' title='bbox 892 1529 928 1574; x_wconf 84' lang='lat' dir='ltr'>vei</span> <span class='ocrx_word' id='word_1_130' title='bbox 941 1529 1102 1575; x_wconf 78' lang='lat' dir='ltr'>venditionem</span> <span class='ocrx_word' id='word_1_131' title='bbox 1114 1530 1150 1575; x_wconf 84' lang='lat' dir='ltr'>vel</span> <span class='ocrx_word' id='word_1_132' title='bbox 1167 1530 1267 1576; x_wconf 79' lang='lat' dir='ltr'>exilium</span> <span class='ocrx_word' id='word_1_133' title='bbox 1285 1546 1331 1578; x_wconf 89' lang='lat' dir='ltr'>non</span> <span class='ocrx_word' id='word_1_134' title='bbox 1346 1522 1443 1584; x_wconf 68' lang='lat' dir='ltr'>²8³¹va-</span> 
     </span>
     <span class='ocr_line' id='line_1_14' title="bbox 184 1609 1331 1670; baseline -0.002 -12"><span class='ocrx_word' id='word_1_135' title='bbox 184 1613 272 1658; x_wconf 73' lang='lat' dir='ltr'>iscium</span> <span class='ocrx_word' id='word_1_136' title='bbox 283 1613 314 1657; x_wconf 90' lang='lat' dir='ltr'>de</span> <span class='ocrx_word' id='word_1_137' title='bbox 324 1613 408 1668; x_wconf 85' lang='lat' dir='ltr'>boscis,</span> <span class='ocrx_word' id='word_1_138' title='bbox 419 1612 536 1668; x_wconf 85' lang='lat' dir='ltr'>domibus,</span> <span class='ocrx_word' id='word_1_139' title='bbox 553 1612 696 1667; x_wconf 85' lang='lat' dir='ltr'>hominibus,</span> <span class='ocrx_word' id='word_1_140' title='bbox 714 1625 758 1657; x_wconf 83' lang='lat' dir='ltr'>neo</span> <span class='ocrx_word' id='word_1_141' title='bbox 769 1611 800 1656; x_wconf 88' lang='lat' dir='ltr'>de</span> <span class='ocrx_word' id='word_1_142' title='bbox 810 1610 931 1669; x_wconf 81' lang='lat' dir='ltr'>sliquibus</span> <span class='ocrx_word' id='word_1_143' title='bbox 941 1609 972 1655; x_wconf 88' lang='lat' dir='ltr'>sd</span> <span class='ocrx_word' id='word_1_144' title='bbox 984 1616 1127 1665; x_wconf 86' lang='lat' dir='ltr'>tenements,</span> <span class='ocrx_word' id='word_1_145' title='bbox 1138 1626 1186 1670; x_wconf 88' lang='lat' dir='ltr'>que</span> <span class='ocrx_word' id='word_1_146' title='bbox 1196 1611 1227 1656; x_wconf 90' lang='lat' dir='ltr'>sd</span> <span class='ocrx_word' id='word_1_147' title='bbox 1239 1613 1331 1660; x_wconf 83' lang='lat' dir='ltr'>iirmsm</span> 
     </span>
     <span class='ocr_line' id='line_1_15' title="bbox 183 1692 1331 1753; baseline 0.001 -14"><span class='ocrx_word' id='word_1_148' title='bbox 183 1709 250 1740; x_wconf 84' lang='lat' dir='ltr'>susm</span> <span class='ocrx_word' id='word_1_149' title='bbox 262 1694 358 1749; x_wconf 83' lang='lat' dir='ltr'>bsbent,</span> <span class='ocrx_word' id='word_1_150' title='bbox 368 1694 537 1752; x_wconf 84' lang='lat' dir='ltr'>speetsutibns,</span> <span class='ocrx_word' id='word_1_151' title='bbox 557 1693 602 1737; x_wconf 74' lang='lat' dir='ltr'>n&#39;ui</span> <span class='ocrx_word' id='word_1_152' title='bbox 619 1692 745 1752; x_wconf 75' lang='lat' dir='ltr'>speoisIem</span> <span class='ocrx_word' id='word_1_153' title='bbox 763 1692 890 1737; x_wconf 83' lang='lat' dir='ltr'>bsbuerint</span> <span class='ocrx_word' id='word_1_154' title='bbox 907 1692 1081 1737; x_wconf 73' lang='lat' dir='ltr'>eonoenionem</span> <span class='ocrx_word' id='word_1_155' title='bbox 1098 1698 1122 1737; x_wconf 85' lang='lat' dir='ltr'>et</span> <span class='ocrx_word' id='word_1_156' title='bbox 1138 1693 1331 1753; x_wconf 78' lang='lat' dir='ltr'>persoripturem</span> 
     </span>
     <span class='ocr_line' id='line_1_16' title="bbox 183 1771 1332 1834; baseline 0.001 -14"><span class='ocrx_word' id='word_1_157' title='bbox 183 1777 232 1821; x_wconf 82' lang='lat' dir='ltr'>eive</span> <span class='ocrx_word' id='word_1_158' title='bbox 247 1774 409 1820; x_wconf 82' lang='lat' dir='ltr'>conventionis</span> <span class='ocrx_word' id='word_1_159' title='bbox 429 1774 574 1819; x_wconf 81' lang='lat' dir='ltr'>mentionem</span> <span class='ocrx_word' id='word_1_160' title='bbox 592 1774 657 1833; x_wconf 89' lang='lat' dir='ltr'>quod</span> <span class='ocrx_word' id='word_1_161' title='bbox 674 1773 719 1819; x_wconf 89' lang='lat' dir='ltr'>boe</span> <span class='ocrx_word' id='word_1_162' title='bbox 736 1773 813 1819; x_wconf 73' lang='lat' dir='ltr'>inem</span> <span class='ocrx_word' id='word_1_163' title='bbox 830 1773 927 1833; x_wconf 86' lang='lat' dir='ltr'>possint.</span> <span class='ocrx_word' id='word_1_164' title='bbox 961 1771 1028 1818; x_wconf 79' lang='lat' dir='ltr'>Etsi</span> <span class='ocrx_word' id='word_1_165' title='bbox 1045 1772 1145 1819; x_wconf 81' lang='lat' dir='ltr'>iecerint</span> <span class='ocrx_word' id='word_1_166' title='bbox 1160 1779 1185 1819; x_wconf 85' lang='lat' dir='ltr'>et</span> <span class='ocrx_word' id='word_1_167' title='bbox 1201 1788 1272 1834; x_wconf 83' lang='lat' dir='ltr'>snper</span> <span class='ocrx_word' id='word_1_168' title='bbox 1287 1775 1332 1821; x_wconf 84' lang='lat' dir='ltr'>boc</span> 
     </span>
     <span class='ocr_line' id='line_1_17' title="bbox 183 1854 1247 1914; baseline 0 -13"><span class='ocrx_word' id='word_1_169' title='bbox 183 1856 363 1910; x_wconf 77' lang='lat' dir='ltr'>convineuntur,</span> <span class='ocrx_word' id='word_1_170' title='bbox 376 1854 479 1914; x_wconf 90' lang='lat' dir='ltr'>dsmpns</span> <span class='ocrx_word' id='word_1_171' title='bbox 490 1854 561 1914; x_wconf 89' lang='lat' dir='ltr'>plens</span> <span class='ocrx_word' id='word_1_172' title='bbox 572 1855 702 1901; x_wconf 79' lang='lat' dir='ltr'>retundent</span> <span class='ocrx_word' id='word_1_173' title='bbox 712 1861 736 1900; x_wconf 87' lang='lat' dir='ltr'>et</span> <span class='ocrx_word' id='word_1_174' title='bbox 747 1855 849 1914; x_wconf 76' lang='lat' dir='ltr'>gnviter</span> <span class='ocrx_word' id='word_1_175' title='bbox 860 1867 902 1913; x_wconf 88' lang='lat' dir='ltr'>per</span> <span class='ocrx_word' id='word_1_176' title='bbox 913 1854 1096 1899; x_wconf 75' lang='lat' dir='ltr'>miseridordism</span> <span class='ocrx_word' id='word_1_177' title='bbox 1108 1854 1247 1913; x_wconf 76' lang='lat' dir='ltr'>punientur.</span> 
     </span>
    </p>

    <p class='ocr_par' dir='ltr' id='par_1_6' title="bbox 184 1927 1451 2389">
     <span class='ocr_line' id='line_1_18' title="bbox 215 1927 1451 1997; baseline 0.002 -16"><span class='ocrx_word' id='word_1_178' title='bbox 215 1936 231 1981; x_wconf 87' lang='lat' dir='ltr'>J</span> <span class='ocrx_word' id='word_1_179' title='bbox 235 1936 347 1981; x_wconf 78' lang='lat' dir='ltr'>ustieierii</span> <span class='ocrx_word' id='word_1_180' title='bbox 359 1936 497 1981; x_wconf 76' lang='lat' dir='ltr'>itineruntes</span> <span class='ocrx_word' id='word_1_181' title='bbox 507 1936 538 1981; x_wconf 90' lang='lat' dir='ltr'>de</span> <span class='ocrx_word' id='word_1_182' title='bbox 548 1943 627 1982; x_wconf 84' lang='lat' dir='ltr'>eetero</span> <span class='ocrx_word' id='word_1_183' title='bbox 638 1951 686 1982; x_wconf 92' lang='lat' dir='ltr'>non</span> <span class='ocrx_word' id='word_1_184' title='bbox 697 1935 926 1983; x_wconf 72' lang='lat' dir='ltr'>smeruientvillstss</span> <span class='ocrx_word' id='word_1_185' title='bbox 937 1936 962 1981; x_wconf 91' lang='lat' dir='ltr'>in</span> <span class='ocrx_word' id='word_1_186' title='bbox 974 1937 1058 1982; x_wconf 85' lang='lat' dir='ltr'>itinere</span> <span class='ocrx_word' id='word_1_187' title='bbox 1068 1950 1120 1991; x_wconf 86' lang='lat' dir='ltr'>suo,</span> <span class='ocrx_word' id='word_1_188' title='bbox 1132 1937 1232 1995; x_wconf 88' lang='lat' dir='ltr'>eoquod</span> <span class='ocrx_word' id='word_1_189' title='bbox 1244 1937 1332 1997; x_wconf 74' lang='lat' dir='ltr'>singuli</span> <span class='ocrx_word' id='word_1_190' title='bbox 1345 1927 1451 1989; x_wconf 61' lang='grc' dir='ltr'>ΝΜϋ·</span> 
     </span>
     <span class='ocr_line' id='line_1_19' title="bbox 185 2018 1333 2078; baseline 0.002 -15"><span class='ocrx_word' id='word_1_191' title='bbox 185 2018 227 2063; x_wconf 79' lang='lat' dir='ltr'>xxi</span> <span class='ocrx_word' id='word_1_192' title='bbox 238 2032 356 2063; x_wconf 78' lang='lat' dir='ltr'>ennomm</span> <span class='ocrx_word' id='word_1_193' title='bbox 368 2032 416 2062; x_wconf 91' lang='lat' dir='ltr'>non</span> <span class='ocrx_word' id='word_1_194' title='bbox 428 2019 536 2063; x_wconf 83' lang='lat' dir='ltr'>venerint</span> <span class='ocrx_word' id='word_1_195' title='bbox 544 2033 624 2063; x_wconf 76' lang='lat' dir='ltr'>eorum</span> <span class='ocrx_word' id='word_1_196' title='bbox 637 2018 822 2064; x_wconf 83' lang='lat' dir='ltr'>Vieeoomitibus</span> <span class='ocrx_word' id='word_1_197' title='bbox 833 2024 858 2064; x_wconf 89' lang='lat' dir='ltr'>et</span> <span class='ocrx_word' id='word_1_198' title='bbox 867 2025 1006 2064; x_wconf 77' lang='lat' dir='ltr'>eoronstore</span> <span class='ocrx_word' id='word_1_199' title='bbox 1015 2018 1047 2064; x_wconf 89' lang='lat' dir='ltr'>sd</span> <span class='ocrx_word' id='word_1_200' title='bbox 1061 2018 1226 2078; x_wconf 68' lang='lat' dir='ltr'>inquisitione</span> <span class='ocrx_word' id='word_1_201' title='bbox 1237 2019 1267 2064; x_wconf 88' lang='lat' dir='ltr'>de</span> <span class='ocrx_word' id='word_1_202' title='bbox 1279 2021 1333 2065; x_wconf 84' lang='lat' dir='ltr'>rob·</span> 
     </span>
     <span class='ocr_line' id='line_1_20' title="bbox 184 2099 1334 2160; baseline 0.002 -16"><span class='ocrx_word' id='word_1_203' title='bbox 184 2100 255 2144; x_wconf 83' lang='lat' dir='ltr'>beriis</span> <span class='ocrx_word' id='word_1_204' title='bbox 269 2105 293 2145; x_wconf 87' lang='lat' dir='ltr'>et</span> <span class='ocrx_word' id='word_1_205' title='bbox 309 2099 424 2144; x_wconf 78' lang='lat' dir='ltr'>incendiis</span> <span class='ocrx_word' id='word_1_206' title='bbox 439 2099 475 2145; x_wconf 82' lang='lat' dir='ltr'>vei</span> <span class='ocrx_word' id='word_1_207' title='bbox 494 2100 547 2144; x_wconf 82' lang='lat' dir='ltr'>siiie</span> <span class='ocrx_word' id='word_1_208' title='bbox 564 2101 594 2144; x_wconf 90' lang='lat' dir='ltr'>sd</span> <span class='ocrx_word' id='word_1_209' title='bbox 610 2115 721 2146; x_wconf 75' lang='lat' dir='ltr'>eoronern</span> <span class='ocrx_word' id='word_1_210' title='bbox 733 2101 895 2160; x_wconf 78' lang='lat' dir='ltr'>speotsntibus</span> <span class='ocrx_word' id='word_1_211' title='bbox 906 2100 1032 2155; x_wconf 81' lang='lat' dir='ltr'>iseiendss,</span> <span class='ocrx_word' id='word_1_212' title='bbox 1044 2100 1102 2145; x_wconf 91' lang='lat' dir='ltr'>dum</span> <span class='ocrx_word' id='word_1_213' title='bbox 1114 2107 1193 2146; x_wconf 73' lang='lat' dir='ltr'>temen</span> <span class='ocrx_word' id='word_1_214' title='bbox 1205 2099 1236 2146; x_wconf 91' lang='lat' dir='ltr'>de</span> <span class='ocrx_word' id='word_1_215' title='bbox 1247 2100 1334 2146; x_wconf 78' lang='lat' dir='ltr'>viiistis</span> 
     </span>
     <span class='ocr_line' id='line_1_21' title="bbox 184 2180 1334 2242; baseline 0.003 -17"><span class='ocrx_word' id='word_1_216' title='bbox 184 2180 334 2226; x_wconf 74' lang='lat' dir='ltr'>illisvenisni</span> <span class='ocrx_word' id='word_1_217' title='bbox 345 2181 489 2226; x_wconf 78' lang='lat' dir='ltr'>sufficienter</span> <span class='ocrx_word' id='word_1_218' title='bbox 499 2195 542 2241; x_wconf 90' lang='lat' dir='ltr'>per</span> <span class='ocrx_word' id='word_1_219' title='bbox 553 2195 612 2240; x_wconf 72' lang='lat' dir='ltr'>quus</span> <span class='ocrx_word' id='word_1_220' title='bbox 626 2181 764 2241; x_wconf 85' lang='lat' dir='ltr'>hujusmodi</span> <span class='ocrx_word' id='word_1_221' title='bbox 781 2182 946 2240; x_wconf 83' lang='lat' dir='ltr'>inquisitiones</span> <span class='ocrx_word' id='word_1_222' title='bbox 961 2181 1031 2241; x_wconf 89' lang='lat' dir='ltr'>piene</span> <span class='ocrx_word' id='word_1_223' title='bbox 1048 2182 1098 2227; x_wconf 86' lang='lat' dir='ltr'>fleri</span> <span class='ocrx_word' id='word_1_224' title='bbox 1116 2183 1213 2241; x_wconf 79' lang='lat' dir='ltr'>porsint,</span> <span class='ocrx_word' id='word_1_225' title='bbox 1228 2183 1334 2242; x_wconf 83' lang='lat' dir='ltr'>exeeptis</span> 
     </span>
     <span class='ocr_line' id='line_1_22' title="bbox 184 2261 1333 2320; baseline 0.003 -15"><span class='ocrx_word' id='word_1_226' title='bbox 184 2261 378 2320; x_wconf 86' lang='lat' dir='ltr'>inquisitionibus</span> <span class='ocrx_word' id='word_1_227' title='bbox 389 2261 419 2306; x_wconf 92' lang='lat' dir='ltr'>de</span> <span class='ocrx_word' id='word_1_228' title='bbox 431 2269 507 2307; x_wconf 85' lang='lat' dir='ltr'>morte</span> <span class='ocrx_word' id='word_1_229' title='bbox 518 2262 620 2307; x_wconf 87' lang='lat' dir='ltr'>hominis</span> <span class='ocrx_word' id='word_1_230' title='bbox 631 2261 754 2317; x_wconf 82' lang='lat' dir='ltr'>iseiendis,</span> <span class='ocrx_word' id='word_1_231' title='bbox 765 2262 807 2308; x_wconf 90' lang='lat' dir='ltr'>ubi</span> <span class='ocrx_word' id='word_1_232' title='bbox 816 2275 898 2308; x_wconf 86' lang='lat' dir='ltr'>omues</span> <span class='ocrx_word' id='word_1_233' title='bbox 906 2262 949 2307; x_wconf 79' lang='lat' dir='ltr'>ui</span> <span class='ocrx_word' id='word_1_234' title='bbox 959 2276 1077 2308; x_wconf 81' lang='lat' dir='ltr'>snuorum</span> <span class='ocrx_word' id='word_1_235' title='bbox 1089 2262 1169 2309; x_wconf 85' lang='lat' dir='ltr'>venire</span> <span class='ocrx_word' id='word_1_236' title='bbox 1180 2262 1276 2318; x_wconf 85' lang='lat' dir='ltr'>debent,</span> <span class='ocrx_word' id='word_1_237' title='bbox 1288 2263 1333 2308; x_wconf 88' lang='lat' dir='ltr'>nisi</span> 
     </span>
     <span class='ocr_line' id='line_1_23' title="bbox 186 2343 747 2389; baseline 0.002 -2"><span class='ocrx_word' id='word_1_238' title='bbox 186 2343 349 2388; x_wconf 72' lang='lat' dir='ltr'>rationabilem</span> <span class='ocrx_word' id='word_1_239' title='bbox 363 2344 465 2389; x_wconf 74' lang='lat' dir='ltr'>bebesnt</span> <span class='ocrx_word' id='word_1_240' title='bbox 476 2357 570 2389; x_wconf 70' lang='lat' dir='ltr'>usuum</span> <span class='ocrx_word' id='word_1_241' title='bbox 581 2344 687 2388; x_wconf 81' lang='lat' dir='ltr'>sbsentie</span> <span class='ocrx_word' id='word_1_242' title='bbox 698 2357 747 2389; x_wconf 86' lang='lat' dir='ltr'>sue.</span> 
     </span>
    </p>

    <p class='ocr_par' dir='ltr' id='par_1_7' title="bbox 183 2423 1437 2631">
     <span class='ocr_line' id='line_1_24' title="bbox 218 2423 1437 2484; baseline 0.002 -18"><span class='ocrx_word' id='word_1_243' title='bbox 218 2424 344 2469; x_wconf 81' lang='lat' dir='ltr'>Murdrum</span> <span class='ocrx_word' id='word_1_244' title='bbox 353 2425 468 2470; x_wconf 85' lang='lat' dir='ltr'>deeetero</span> <span class='ocrx_word' id='word_1_245' title='bbox 476 2438 524 2469; x_wconf 92' lang='lat' dir='ltr'>non</span> <span class='ocrx_word' id='word_1_246' title='bbox 533 2424 686 2484; x_wconf 78' lang='lat' dir='ltr'>sdJudioetur</span> <span class='ocrx_word' id='word_1_247' title='bbox 696 2439 775 2470; x_wconf 80' lang='lat' dir='ltr'>oonm</span> <span class='ocrx_word' id='word_1_248' title='bbox 786 2424 801 2469; x_wconf 86' lang='lat' dir='ltr'>J</span> <span class='ocrx_word' id='word_1_249' title='bbox 805 2424 938 2479; x_wconf 81' lang='lat' dir='ltr'>usticisriis,</span> <span class='ocrx_word' id='word_1_250' title='bbox 946 2424 988 2469; x_wconf 88' lang='lat' dir='ltr'>ubi</span> <span class='ocrx_word' id='word_1_251' title='bbox 1000 2423 1157 2470; x_wconf 82' lang='lat' dir='ltr'>iniortuninm</span> <span class='ocrx_word' id='word_1_252' title='bbox 1168 2424 1333 2470; x_wconf 76' lang='lat' dir='ltr'>tuntummodo</span> <span class='ocrx_word' id='word_1_253' title='bbox 1345 2428 1437 2475; x_wconf 58' lang='grc' dir='ltr'>ιω.</span> 
     </span>
     <span class='ocr_line' id='line_1_25' title="bbox 183 2503 1332 2564; baseline 0.002 -16"><span class='ocrx_word' id='word_1_254' title='bbox 183 2503 348 2562; x_wconf 82' lang='lat' dir='ltr'>sdjudiestum</span> <span class='ocrx_word' id='word_1_255' title='bbox 367 2511 402 2551; x_wconf 85' lang='lat' dir='ltr'>est</span> <span class='ocrx_word' id='word_1_256' title='bbox 415 2523 421 2563; x_wconf 68' lang='grc' dir='ltr'><strong>ς</strong></span> <span class='ocrx_word' id='word_1_257' title='bbox 442 2505 483 2550; x_wconf 89' lang='lat' dir='ltr'>sed</span> <span class='ocrx_word' id='word_1_258' title='bbox 503 2504 581 2551; x_wconf 85' lang='lat' dir='ltr'>loeum</span> <span class='ocrx_word' id='word_1_259' title='bbox 601 2504 687 2551; x_wconf 69' lang='lat' dir='ltr'>beboet</span> <span class='ocrx_word' id='word_1_260' title='bbox 704 2506 829 2550; x_wconf 83' lang='lat' dir='ltr'>murdrum</span> <span class='ocrx_word' id='word_1_261' title='bbox 850 2506 874 2550; x_wconf 94' lang='lat' dir='ltr'>in</span> <span class='ocrx_word' id='word_1_262' title='bbox 895 2505 1025 2551; x_wconf 78' lang='lat' dir='ltr'>interiectis</span> <span class='ocrx_word' id='word_1_263' title='bbox 1044 2519 1086 2564; x_wconf 83' lang='lat' dir='ltr'>per</span> <span class='ocrx_word' id='word_1_264' title='bbox 1105 2505 1224 2561; x_wconf 84' lang='lat' dir='ltr'>ieionism,</span> <span class='ocrx_word' id='word_1_265' title='bbox 1240 2512 1265 2551; x_wconf 83' lang='lat' dir='ltr'>et</span> <span class='ocrx_word' id='word_1_266' title='bbox 1284 2520 1332 2550; x_wconf 91' lang='lat' dir='ltr'>non</span> 
     </span>
     <span class='ocr_line' id='line_1_26' title="bbox 183 2585 261 2631; baseline 0.026 -2"><span class='ocrx_word' id='word_1_267' title='bbox 183 2585 261 2631; x_wconf 81' lang='lat' dir='ltr'>stiter.</span> 
     </span>
    </p>

    <p class='ocr_par' dir='ltr' id='par_1_8' title="bbox 182 2661 1382 3218">
     <span class='ocr_line' id='line_1_27' title="bbox 217 2661 1382 2729; baseline 0.002 -16"><span class='ocrx_word' id='word_1_268' title='bbox 217 2667 340 2713; x_wconf 81' lang='lat' dir='ltr'>Provisum</span> <span class='ocrx_word' id='word_1_269' title='bbox 357 2675 392 2715; x_wconf 86' lang='lat' dir='ltr'>est</span> <span class='ocrx_word' id='word_1_270' title='bbox 410 2669 507 2728; x_wconf 84' lang='lat' dir='ltr'>insuper</span> <span class='ocrx_word' id='word_1_271' title='bbox 518 2669 582 2729; x_wconf 90' lang='lat' dir='ltr'>quod</span> <span class='ocrx_word' id='word_1_272' title='bbox 601 2668 683 2715; x_wconf 88' lang='lat' dir='ltr'>nulius</span> <span class='ocrx_word' id='word_1_273' title='bbox 698 2682 777 2714; x_wconf 77' lang='lat' dir='ltr'>eorum</span> <span class='ocrx_word' id='word_1_274' title='bbox 788 2667 932 2713; x_wconf 80' lang='lat' dir='ltr'>Justieisriis</span> <span class='ocrx_word' id='word_1_275' title='bbox 948 2666 1114 2712; x_wconf 75' lang='lat' dir='ltr'>itineruntibus</span> <span class='ocrx_word' id='word_1_276' title='bbox 1124 2673 1221 2713; x_wconf 76' lang='lat' dir='ltr'>voestus</span> <span class='ocrx_word' id='word_1_277' title='bbox 1230 2667 1261 2712; x_wconf 90' lang='lat' dir='ltr'>sd</span> <span class='ocrx_word' id='word_1_278' title='bbox 1274 2682 1332 2715; x_wconf 73' lang='lat' dir='ltr'>nr·</span> <span class='ocrx_word' id='word_1_279' title='bbox 1345 2661 1382 2708; x_wconf 61' lang='grc' dir='ltr'>ΙΙ·</span> 
     </span>
     <span class='ocr_line' id='line_1_28' title="bbox 185 2749 1334 2810; baseline 0.001 -15"><span class='ocrx_word' id='word_1_280' title='bbox 185 2758 280 2796; x_wconf 84' lang='lat' dir='ltr'>rentum</span> <span class='ocrx_word' id='word_1_281' title='bbox 296 2751 320 2795; x_wconf 94' lang='lat' dir='ltr'>in</span> <span class='ocrx_word' id='word_1_282' title='bbox 333 2751 419 2810; x_wconf 78' lang='lat' dir='ltr'>pleeito</span> <span class='ocrx_word' id='word_1_283' title='bbox 430 2758 492 2797; x_wconf 83' lang='lat' dir='ltr'>terre</span> <span class='ocrx_word' id='word_1_284' title='bbox 503 2751 539 2797; x_wconf 83' lang='lat' dir='ltr'>vel</span> <span class='ocrx_word' id='word_1_285' title='bbox 551 2751 681 2797; x_wconf 85' lang='lat' dir='ltr'>tenementi</span> <span class='ocrx_word' id='word_1_286' title='bbox 692 2750 835 2795; x_wconf 85' lang='lat' dir='ltr'>smereietur</span> <span class='ocrx_word' id='word_1_287' title='bbox 851 2749 882 2794; x_wconf 84' lang='lat' dir='ltr'>de</span> <span class='ocrx_word' id='word_1_288' title='bbox 900 2756 980 2795; x_wconf 74' lang='lat' dir='ltr'>eutero</span> <span class='ocrx_word' id='word_1_289' title='bbox 994 2763 1038 2808; x_wconf 87' lang='lat' dir='ltr'>pro</span> <span class='ocrx_word' id='word_1_290' title='bbox 1054 2763 1083 2795; x_wconf 88' lang='lat' dir='ltr'>eo</span> <span class='ocrx_word' id='word_1_291' title='bbox 1100 2749 1165 2809; x_wconf 85' lang='lat' dir='ltr'>qnod</span> <span class='ocrx_word' id='word_1_292' title='bbox 1176 2764 1274 2810; x_wconf 78' lang='lat' dir='ltr'>presens</span> <span class='ocrx_word' id='word_1_293' title='bbox 1284 2764 1334 2797; x_wconf 89' lang='lat' dir='ltr'>non</span> 
     </span>
     <span class='ocr_line' id='line_1_29' title="bbox 184 2830 1334 2892; baseline 0.001 -14"><span class='ocrx_word' id='word_1_294' title='bbox 184 2832 255 2878; x_wconf 77' lang='lat' dir='ltr'>fuerit</span> <span class='ocrx_word' id='word_1_295' title='bbox 278 2832 375 2892; x_wconf 71' lang='lat' dir='ltr'>quondo</span> <span class='ocrx_word' id='word_1_296' title='bbox 390 2839 486 2879; x_wconf 77' lang='lat' dir='ltr'>voostnr</span> <span class='ocrx_word' id='word_1_297' title='bbox 506 2833 538 2880; x_wconf 83' lang='lat' dir='ltr'>sd</span> <span class='ocrx_word' id='word_1_298' title='bbox 559 2839 699 2888; x_wconf 73' lang='lat' dir='ltr'>werentum,</span> <span class='ocrx_word' id='word_1_299' title='bbox 718 2837 818 2892; x_wconf 80' lang='lat' dir='ltr'>exeepto</span> <span class='ocrx_word' id='word_1_300' title='bbox 837 2831 915 2891; x_wconf 87' lang='lat' dir='ltr'>primo</span> <span class='ocrx_word' id='word_1_301' title='bbox 932 2831 973 2877; x_wconf 83' lang='lat' dir='ltr'>die</span> <span class='ocrx_word' id='word_1_302' title='bbox 991 2830 1108 2877; x_wconf 81' lang='lat' dir='ltr'>sdrentus</span> <span class='ocrx_word' id='word_1_303' title='bbox 1129 2832 1234 2892; x_wconf 84' lang='lat' dir='ltr'>ipsorum</span> <span class='ocrx_word' id='word_1_304' title='bbox 1255 2832 1334 2879; x_wconf 80' lang='lat' dir='ltr'>Justi·</span> 
     </span>
     <span class='ocr_line' id='line_1_30' title="bbox 182 2912 1335 2974; baseline 0.001 -15"><span class='ocrx_word' id='word_1_305' title='bbox 182 2915 317 2960; x_wconf 84' lang='lat' dir='ltr'>eisriorum.</span> <span class='ocrx_word' id='word_1_306' title='bbox 352 2914 398 2960; x_wconf 82' lang='lat' dir='ltr'>Sed</span> <span class='ocrx_word' id='word_1_307' title='bbox 411 2915 431 2960; x_wconf 85' lang='lat' dir='ltr'>si</span> <span class='ocrx_word' id='word_1_308' title='bbox 443 2920 561 2961; x_wconf 64' lang='lat' dir='ltr'>&#39;uentus</span> <span class='ocrx_word' id='word_1_309' title='bbox 571 2914 612 2960; x_wconf 87' lang='lat' dir='ltr'>iile</span> <span class='ocrx_word' id='word_1_310' title='bbox 623 2915 653 2960; x_wconf 86' lang='lat' dir='ltr'>sit</span> <span class='ocrx_word' id='word_1_311' title='bbox 662 2914 725 2960; x_wconf 78' lang='lat' dir='ltr'>inin</span> <span class='ocrx_word' id='word_1_312' title='bbox 738 2914 886 2970; x_wconf 82' lang='lat' dir='ltr'>eomitstum,</span> <span class='ocrx_word' id='word_1_313' title='bbox 897 2919 956 2959; x_wconf 83' lang='lat' dir='ltr'>tune</span> <span class='ocrx_word' id='word_1_314' title='bbox 967 2913 1108 2974; x_wconf 71' lang='lat' dir='ltr'>injungatur</span> <span class='ocrx_word' id='word_1_315' title='bbox 1119 2912 1259 2961; x_wconf 80' lang='lat' dir='ltr'>Vioeoomiti</span> <span class='ocrx_word' id='word_1_316' title='bbox 1270 2915 1335 2974; x_wconf 88' lang='lat' dir='ltr'>qnod</span> 
     </span>
     <span class='ocr_line' id='line_1_31' title="bbox 184 2995 1334 3056; baseline 0.002 -15"><span class='ocrx_word' id='word_1_317' title='bbox 184 2996 261 3055; x_wconf 84' lang='lat' dir='ltr'>ipsum</span> <span class='ocrx_word' id='word_1_318' title='bbox 271 2998 332 3042; x_wconf 75' lang='lat' dir='ltr'>intre</span> <span class='ocrx_word' id='word_1_319' title='bbox 343 2997 440 3042; x_wconf 84' lang='lat' dir='ltr'>tertium</span> <span class='ocrx_word' id='word_1_320' title='bbox 452 2997 515 3043; x_wconf 89' lang='lat' dir='ltr'>diem</span> <span class='ocrx_word' id='word_1_321' title='bbox 525 2997 560 3043; x_wconf 84' lang='lat' dir='ltr'>rel</span> <span class='ocrx_word' id='word_1_322' title='bbox 573 3005 685 3056; x_wconf 89' lang='lat' dir='ltr'>qusrtum</span> <span class='ocrx_word' id='word_1_323' title='bbox 697 2997 768 3042; x_wconf 78' lang='lat' dir='ltr'>tsoist</span> <span class='ocrx_word' id='word_1_324' title='bbox 778 2997 867 3052; x_wconf 72' lang='lat' dir='ltr'>venire,</span> <span class='ocrx_word' id='word_1_325' title='bbox 878 2997 941 3042; x_wconf 85' lang='lat' dir='ltr'>sieut</span> <span class='ocrx_word' id='word_1_326' title='bbox 951 2996 976 3042; x_wconf 88' lang='lat' dir='ltr'>in</span> <span class='ocrx_word' id='word_1_327' title='bbox 988 2996 1073 3042; x_wconf 83' lang='lat' dir='ltr'>itinere</span> <span class='ocrx_word' id='word_1_328' title='bbox 1080 2995 1272 3043; x_wconf 69' lang='lat' dir='ltr'>Joeieisrtomm</span> <span class='ocrx_word' id='word_1_329' title='bbox 1284 2997 1334 3043; x_wconf 78' lang='lat' dir='ltr'>fleri</span> 
     </span>
     <span class='ocr_line' id='line_1_32' title="bbox 183 3076 1335 3133; baseline 0.002 -11"><span class='ocrx_word' id='word_1_330' title='bbox 183 3078 314 3122; x_wconf 83' lang='lat' dir='ltr'>consuevit.</span> <span class='ocrx_word' id='word_1_331' title='bbox 351 3077 382 3122; x_wconf 76' lang='lat' dir='ltr'>iit</span> <span class='ocrx_word' id='word_1_332' title='bbox 398 3078 417 3123; x_wconf 90' lang='lat' dir='ltr'>si</span> <span class='ocrx_word' id='word_1_333' title='bbox 431 3085 499 3124; x_wconf 83' lang='lat' dir='ltr'>extrs</span> <span class='ocrx_word' id='word_1_334' title='bbox 514 3079 653 3124; x_wconf 84' lang='lat' dir='ltr'>eomitstum</span> <span class='ocrx_word' id='word_1_335' title='bbox 669 3084 772 3133; x_wconf 78' lang='lat' dir='ltr'>menest,</span> <span class='ocrx_word' id='word_1_336' title='bbox 783 3084 842 3123; x_wconf 83' lang='lat' dir='ltr'>tune</span> <span class='ocrx_word' id='word_1_337' title='bbox 854 3076 1018 3123; x_wconf 85' lang='lat' dir='ltr'>rstionsbiiem</span> <span class='ocrx_word' id='word_1_338' title='bbox 1029 3077 1115 3124; x_wconf 84' lang='lat' dir='ltr'>bsbest</span> <span class='ocrx_word' id='word_1_339' title='bbox 1125 3078 1335 3124; x_wconf 86' lang='lat' dir='ltr'>summonitionem</span> 
     </span>
     <span class='ocr_line' id='line_1_33' title="bbox 185 3157 1268 3218; baseline 0.003 -16"><span class='ocrx_word' id='word_1_340' title='bbox 185 3173 216 3202; x_wconf 83' lang='lat' dir='ltr'>xv</span> <span class='ocrx_word' id='word_1_341' title='bbox 228 3159 321 3202; x_wconf 84' lang='lat' dir='ltr'>dierum</span> <span class='ocrx_word' id='word_1_342' title='bbox 333 3157 363 3202; x_wconf 79' lang='lat' dir='ltr'>ed</span> <span class='ocrx_word' id='word_1_343' title='bbox 376 3160 455 3204; x_wconf 88' lang='lat' dir='ltr'>minus</span> <span class='ocrx_word' id='word_1_344' title='bbox 465 3160 597 3205; x_wconf 85' lang='lat' dir='ltr'>seeundum</span> <span class='ocrx_word' id='word_1_345' title='bbox 609 3159 774 3206; x_wconf 76' lang='lat' dir='ltr'>discretionem</span> <span class='ocrx_word' id='word_1_346' title='bbox 785 3158 978 3207; x_wconf 80' lang='lat' dir='ltr'>Jnetioisriorum</span> <span class='ocrx_word' id='word_1_347' title='bbox 989 3165 1013 3204; x_wconf 80' lang='lat' dir='ltr'>et</span> <span class='ocrx_word' id='word_1_348' title='bbox 1025 3158 1101 3218; x_wconf 74' lang='lat' dir='ltr'>legem</span> <span class='ocrx_word' id='word_1_349' title='bbox 1108 3172 1268 3205; x_wconf 78' lang='lat' dir='ltr'>commonent.</span> 
     </span>
    </p>

    <p class='ocr_par' dir='ltr' id='par_1_9' title="bbox 215 3232 1485 3300">
     <span class='ocr_line' id='line_1_34' title="bbox 215 3232 1485 3300; baseline 0.002 -17"><span class='ocrx_word' id='word_1_350' title='bbox 215 3239 242 3283; x_wconf 83' lang='lat' dir='ltr'>Si</span> <span class='ocrx_word' id='word_1_351' title='bbox 253 3239 354 3284; x_wconf 83' lang='lat' dir='ltr'>clericus</span> <span class='ocrx_word' id='word_1_352' title='bbox 363 3239 451 3297; x_wconf 87' lang='lat' dir='ltr'>sliquis</span> <span class='ocrx_word' id='word_1_353' title='bbox 461 3254 504 3300; x_wconf 81' lang='lat' dir='ltr'>pro</span> <span class='ocrx_word' id='word_1_354' title='bbox 515 3242 614 3285; x_wconf 78' lang='lat' dir='ltr'>crimine</span> <span class='ocrx_word' id='word_1_355' title='bbox 624 3240 706 3298; x_wconf 88' lang='lat' dir='ltr'>sliquo</span> <span class='ocrx_word' id='word_1_356' title='bbox 715 3241 751 3285; x_wconf 80' lang='lat' dir='ltr'>vel</span> <span class='ocrx_word' id='word_1_357' title='bbox 760 3240 896 3298; x_wconf 85' lang='lat' dir='ltr'>reetequod</span> <span class='ocrx_word' id='word_1_358' title='bbox 905 3238 936 3284; x_wconf 80' lang='lat' dir='ltr'>sd</span> <span class='ocrx_word' id='word_1_359' title='bbox 944 3253 1055 3285; x_wconf 78' lang='lat' dir='ltr'>eoronem</span> <span class='ocrx_word' id='word_1_360' title='bbox 1070 3235 1075 3300; x_wconf 94' lang='grc' dir='ltr'>Ι</span> <span class='ocrx_word' id='word_1_361' title='bbox 1088 3240 1205 3299; x_wconf 70' lang='lat' dir='ltr'>putinest</span> <span class='ocrx_word' id='word_1_362' title='bbox 1215 3233 1380 3294; x_wconf 65' lang='lat' dir='ltr'>mutusv-</span> <span class='ocrx_word' id='word_1_363' title='bbox 1393 3232 1440 3282; x_wconf 69' lang='grc'>158</span> <span class='ocrx_word' id='word_1_364' title='bbox 1453 3241 1485 3281; x_wconf 66' lang='lat'>⁹⁹·</span> 
     </span>
    </p>
   </div>
   <div class='ocr_carea' id='block_1_3' title="bbox 181 3297 1394 3704">
    <p class='ocr_par' dir='ltr' id='par_1_10' title="bbox 181 3297 1394 3704">
     <span class='ocr_line' id='line_1_35' title="bbox 182 3297 1394 3380; baseline 0.001 -15"><span class='ocrx_word' id='word_1_365' title='bbox 182 3321 254 3365; x_wconf 82' lang='lat' dir='ltr'>tuerit</span> <span class='ocrx_word' id='word_1_366' title='bbox 264 3327 288 3364; x_wconf 84' lang='lat' dir='ltr'>et</span> <span class='ocrx_word' id='word_1_367' title='bbox 300 3319 449 3378; x_wconf 88' lang='lat' dir='ltr'>postmodum</span> <span class='ocrx_word' id='word_1_368' title='bbox 461 3320 492 3365; x_wconf 94' lang='lat' dir='ltr'>de</span> <span class='ocrx_word' id='word_1_369' title='bbox 503 3325 613 3379; x_wconf 81' lang='lat' dir='ltr'>precepto</span> <span class='ocrx_word' id='word_1_370' title='bbox 632 3320 703 3380; x_wconf 73' lang='lat' dir='ltr'>Regis</span> <span class='ocrx_word' id='word_1_371' title='bbox 721 3320 746 3364; x_wconf 89' lang='lat' dir='ltr'>in</span> <span class='ocrx_word' id='word_1_372' title='bbox 758 3320 865 3365; x_wconf 79' lang='lat' dir='ltr'>beiliinm</span> <span class='ocrx_word' id='word_1_373' title='bbox 881 3320 984 3365; x_wconf 87' lang='lat' dir='ltr'>trsditns</span> <span class='ocrx_word' id='word_1_374' title='bbox 995 3320 1032 3365; x_wconf 78' lang='lat' dir='ltr'>rel</span> <span class='ocrx_word' id='word_1_375' title='bbox 1047 3320 1191 3380; x_wconf 71' lang='lat' dir='ltr'>replegistns</span> <span class='ocrx_word' id='word_1_376' title='bbox 1207 3320 1333 3376; x_wconf 58' lang='lat' dir='ltr'>exstiterit,</span> <span class='ocrx_word' id='word_1_377' title='bbox 1345 3297 1394 3346; x_wconf 47' lang='grc' dir='ltr'>ὦ·</span> 
     </span>
     <span class='ocr_line' id='line_1_36' title="bbox 183 3398 1332 3460; baseline 0 -13"><span class='ocrx_word' id='word_1_378' title='bbox 183 3403 216 3447; x_wconf 74' lang='lat' dir='ltr'>ite</span> <span class='ocrx_word' id='word_1_379' title='bbox 227 3400 291 3460; x_wconf 88' lang='lat' dir='ltr'>quod</span> <span class='ocrx_word' id='word_1_380' title='bbox 303 3400 345 3455; x_wconf 84' lang='lat' dir='ltr'>bii,</span> <span class='ocrx_word' id='word_1_381' title='bbox 357 3401 445 3458; x_wconf 87' lang='lat' dir='ltr'>quibus</span> <span class='ocrx_word' id='word_1_382' title='bbox 456 3401 558 3446; x_wconf 72' lang='lat' dir='ltr'>truditus</span> <span class='ocrx_word' id='word_1_383' title='bbox 568 3401 647 3457; x_wconf 76' lang='lat' dir='ltr'>buerit,</span> <span class='ocrx_word' id='word_1_384' title='bbox 664 3401 689 3446; x_wconf 92' lang='lat' dir='ltr'>in</span> <span class='ocrx_word' id='word_1_385' title='bbox 707 3401 815 3446; x_wconf 78' lang='lat' dir='ltr'>betilium</span> <span class='ocrx_word' id='word_1_386' title='bbox 830 3415 886 3446; x_wconf 84' lang='lat' dir='ltr'>enm</span> <span class='ocrx_word' id='word_1_387' title='bbox 905 3400 1009 3447; x_wconf 82' lang='lat' dir='ltr'>bsbesnt</span> <span class='ocrx_word' id='word_1_388' title='bbox 1025 3415 1105 3446; x_wconf 77' lang='lat' dir='ltr'>eorum</span> <span class='ocrx_word' id='word_1_389' title='bbox 1121 3398 1272 3457; x_wconf 77' lang='lat' dir='ltr'>Justioieriis,</span> <span class='ocrx_word' id='word_1_390' title='bbox 1283 3414 1332 3447; x_wconf 86' lang='lat' dir='ltr'>uon</span> 
     </span>
     <span class='ocr_line' id='line_1_37' title="bbox 182 3481 1335 3543; baseline 0.001 -16"><span class='ocrx_word' id='word_1_391' title='bbox 182 3483 342 3527; x_wconf 78' lang='lat' dir='ltr'>emer-cientur</span> <span class='ocrx_word' id='word_1_392' title='bbox 352 3481 383 3526; x_wconf 91' lang='lat' dir='ltr'>de</span> <span class='ocrx_word' id='word_1_393' title='bbox 394 3488 472 3527; x_wconf 79' lang='lat' dir='ltr'>cetero</span> <span class='ocrx_word' id='word_1_394' title='bbox 484 3481 518 3526; x_wconf 86' lang='lat' dir='ltr'>illi</span> <span class='ocrx_word' id='word_1_395' title='bbox 531 3483 618 3541; x_wconf 87' lang='lat' dir='ltr'>quibus</span> <span class='ocrx_word' id='word_1_396' title='bbox 628 3483 730 3528; x_wconf 74' lang='lat' dir='ltr'>inditus</span> <span class='ocrx_word' id='word_1_397' title='bbox 741 3482 812 3528; x_wconf 74' lang='lat' dir='ltr'>tuerit</span> <span class='ocrx_word' id='word_1_398' title='bbox 821 3482 845 3527; x_wconf 89' lang='lat' dir='ltr'>in</span> <span class='ocrx_word' id='word_1_399' title='bbox 855 3481 964 3528; x_wconf 73' lang='lat' dir='ltr'>buillinm</span> <span class='ocrx_word' id='word_1_400' title='bbox 975 3482 1011 3528; x_wconf 78' lang='lat' dir='ltr'>rei</span> <span class='ocrx_word' id='word_1_401' title='bbox 1022 3481 1064 3527; x_wconf 78' lang='lat' dir='ltr'>dii</span> <span class='ocrx_word' id='word_1_402' title='bbox 1075 3482 1147 3543; x_wconf 70' lang='lat' dir='ltr'>plegii</span> <span class='ocrx_word' id='word_1_403' title='bbox 1158 3483 1205 3538; x_wconf 86' lang='lat' dir='ltr'>sui,</span> <span class='ocrx_word' id='word_1_404' title='bbox 1216 3483 1236 3528; x_wconf 89' lang='lat' dir='ltr'>si</span> <span class='ocrx_word' id='word_1_405' title='bbox 1247 3496 1335 3542; x_wconf 84' lang='lat' dir='ltr'>eorpus</span> 
     </span>
     <span class='ocr_line' id='line_1_38' title="bbox 181 3562 1333 3625; baseline 0.002 -16"><span class='ocrx_word' id='word_1_406' title='bbox 181 3578 253 3609; x_wconf 88' lang='lat' dir='ltr'>suum</span> <span class='ocrx_word' id='word_1_407' title='bbox 260 3563 363 3608; x_wconf 84' lang='lat' dir='ltr'>bsbeent</span> <span class='ocrx_word' id='word_1_408' title='bbox 369 3577 449 3609; x_wconf 77' lang='lat' dir='ltr'>eorum</span> <span class='ocrx_word' id='word_1_409' title='bbox 459 3562 475 3611; x_wconf 83' lang='lat' dir='ltr'>J</span> <span class='ocrx_word' id='word_1_410' title='bbox 478 3564 611 3620; x_wconf 84' lang='lat' dir='ltr'>ustieisriis,</span> <span class='ocrx_word' id='word_1_411' title='bbox 620 3563 675 3611; x_wconf 78' lang='lat' dir='ltr'>lieet</span> <span class='ocrx_word' id='word_1_412' title='bbox 681 3579 761 3610; x_wconf 77' lang='lat' dir='ltr'>eorum</span> <span class='ocrx_word' id='word_1_413' title='bbox 769 3564 905 3625; x_wconf 77' lang='lat' dir='ltr'>eispmpter</span> <span class='ocrx_word' id='word_1_414' title='bbox 916 3563 1065 3625; x_wconf 70' lang='lat' dir='ltr'>privilegium</span> <span class='ocrx_word' id='word_1_415' title='bbox 1073 3563 1182 3611; x_wconf 58' lang='lat' dir='ltr'>deride</span> <span class='ocrx_word' id='word_1_416' title='bbox 1191 3564 1333 3624; x_wconf 74' lang='lat' dir='ltr'>respondere</span> 
     </span>
     <span class='ocr_line' id='line_1_39' title="bbox 185 3645 488 3704; baseline 0.003 -13"><span class='ocrx_word' id='word_1_417' title='bbox 185 3645 288 3692; x_wconf 84' lang='lat' dir='ltr'>noluerit</span> <span class='ocrx_word' id='word_1_418' title='bbox 301 3645 336 3690; x_wconf 81' lang='lat' dir='ltr'>vei</span> <span class='ocrx_word' id='word_1_419' title='bbox 348 3659 396 3690; x_wconf 89' lang='lat' dir='ltr'>non</span> <span class='ocrx_word' id='word_1_420' title='bbox 408 3646 488 3704; x_wconf 89' lang='lat' dir='ltr'>possit.</span> 
     </span>
    </p>
   </div>
   <div class='ocr_carea' id='block_1_4' title="bbox 181 3723 1402 4115">
    <p class='ocr_par' dir='ltr' id='par_1_11' title="bbox 181 3723 1402 4115">
     <span class='ocr_line' id='line_1_40' title="bbox 217 3723 1402 3787; baseline -0.002 -15"><span class='ocrx_word' id='word_1_421' title='bbox 217 3727 340 3772; x_wconf 85' lang='lat' dir='ltr'>Provisum</span> <span class='ocrx_word' id='word_1_422' title='bbox 352 3734 387 3773; x_wconf 86' lang='lat' dir='ltr'>est</span> <span class='ocrx_word' id='word_1_423' title='bbox 398 3728 469 3773; x_wconf 86' lang='lat' dir='ltr'>etism</span> <span class='ocrx_word' id='word_1_424' title='bbox 481 3727 576 3786; x_wconf 85' lang='lat' dir='ltr'>quodsi</span> <span class='ocrx_word' id='word_1_425' title='bbox 590 3727 770 3787; x_wconf 85' lang='lat' dir='ltr'>depredstiones</span> <span class='ocrx_word' id='word_1_426' title='bbox 782 3726 818 3773; x_wconf 80' lang='lat' dir='ltr'>vei</span> <span class='ocrx_word' id='word_1_427' title='bbox 830 3726 912 3786; x_wconf 83' lang='lat' dir='ltr'>rspine</span> <span class='ocrx_word' id='word_1_428' title='bbox 922 3727 1003 3785; x_wconf 76' lang='lat' dir='ltr'>ulique</span> <span class='ocrx_word' id='word_1_429' title='bbox 1013 3727 1072 3772; x_wconf 74' lang='lat' dir='ltr'>dent</span> <span class='ocrx_word' id='word_1_430' title='bbox 1084 3727 1219 3773; x_wconf 79' lang='lat' dir='ltr'>Abbstibus</span> <span class='ocrx_word' id='word_1_431' title='bbox 1228 3732 1271 3772; x_wconf 90' lang='lat' dir='ltr'>snt</span> <span class='ocrx_word' id='word_1_432' title='bbox 1280 3725 1334 3771; x_wconf 89' lang='lat' dir='ltr'>siiis</span> <span class='ocrx_word' id='word_1_433' title='bbox 1345 3723 1402 3786; x_wconf 71' lang='lat' dir='ltr'>xiij.</span> 
     </span>
     <span class='ocr_line' id='line_1_41' title="bbox 183 3808 1334 3871; baseline 0.001 -17"><span class='ocrx_word' id='word_1_434' title='bbox 183 3810 279 3871; x_wconf 79' lang='lat' dir='ltr'>preiutie</span> <span class='ocrx_word' id='word_1_435' title='bbox 286 3809 455 3864; x_wconf 71' lang='lat' dir='ltr'>ecelesiasticis,</span> <span class='ocrx_word' id='word_1_436' title='bbox 462 3816 486 3855; x_wconf 81' lang='lat' dir='ltr'>et</span> <span class='ocrx_word' id='word_1_437' title='bbox 495 3809 538 3870; x_wconf 81' lang='lat' dir='ltr'>ipn&#39;</span> <span class='ocrx_word' id='word_1_438' title='bbox 546 3810 587 3870; x_wconf 86' lang='lat' dir='ltr'>jus</span> <span class='ocrx_word' id='word_1_439' title='bbox 595 3823 665 3855; x_wconf 84' lang='lat' dir='ltr'>sunm</span> <span class='ocrx_word' id='word_1_440' title='bbox 674 3810 705 3855; x_wconf 87' lang='lat' dir='ltr'>de</span> <span class='ocrx_word' id='word_1_441' title='bbox 716 3808 853 3869; x_wconf 78' lang='lat' dir='ltr'>hujumodi</span> <span class='ocrx_word' id='word_1_442' title='bbox 862 3808 1072 3868; x_wconf 83' lang='lat' dir='ltr'>depredstionibus</span> <span class='ocrx_word' id='word_1_443' title='bbox 1079 3815 1248 3868; x_wconf 64' lang='lat' dir='ltr'>prosequente</span> <span class='ocrx_word' id='word_1_444' title='bbox 1258 3815 1334 3855; x_wconf 83' lang='lat' dir='ltr'>morte</span> 
     </span>
     <span class='ocr_line' id='line_1_42' title="bbox 183 3889 1333 3952; baseline -0.002 -15"><span class='ocrx_word' id='word_1_445' title='bbox 183 3893 359 3952; x_wconf 73' lang='lat' dir='ltr'>pruvenisntur,</span> <span class='ocrx_word' id='word_1_446' title='bbox 377 3899 506 3951; x_wconf 74' lang='lat' dir='ltr'>untequsm</span> <span class='ocrx_word' id='word_1_447' title='bbox 526 3892 582 3938; x_wconf 85' lang='lat' dir='ltr'>inde</span> <span class='ocrx_word' id='word_1_448' title='bbox 597 3892 713 3952; x_wconf 71' lang='lat' dir='ltr'>iustitism</span> <span class='ocrx_word' id='word_1_449' title='bbox 733 3892 822 3938; x_wconf 75' lang='lat' dir='ltr'>inerint</span> <span class='ocrx_word' id='word_1_450' title='bbox 838 3892 947 3946; x_wconf 65' lang='lat' dir='ltr'>menti.</span> <span class='ocrx_word' id='word_1_451' title='bbox 967 3905 1111 3936; x_wconf 73' lang='lat' dir='ltr'>succe-orm</span> <span class='ocrx_word' id='word_1_452' title='bbox 1129 3905 1211 3936; x_wconf 85' lang='lat' dir='ltr'>eorum</span> <span class='ocrx_word' id='word_1_453' title='bbox 1229 3889 1333 3935; x_wconf 64' lang='lat' dir='ltr'>bubeent</span> 
     </span>
     <span class='ocr_line' id='line_1_43' title="bbox 181 3972 1333 4033; baseline -0.003 -14"><span class='ocrx_word' id='word_1_454' title='bbox 181 3975 316 4019; x_wconf 74' lang='lat' dir='ltr'>occasiones</span> <span class='ocrx_word' id='word_1_455' title='bbox 332 3974 363 4018; x_wconf 90' lang='lat' dir='ltr'>sd</span> <span class='ocrx_word' id='word_1_456' title='bbox 383 3975 446 4019; x_wconf 90' lang='lat' dir='ltr'>bons</span> <span class='ocrx_word' id='word_1_457' title='bbox 463 3973 560 4020; x_wconf 84' lang='lat' dir='ltr'>eeeieeie</span> <span class='ocrx_word' id='word_1_458' title='bbox 578 3989 621 4020; x_wconf 88' lang='lat' dir='ltr'>sue</span> <span class='ocrx_word' id='word_1_459' title='bbox 638 3974 669 4019; x_wconf 92' lang='lat' dir='ltr'>de</span> <span class='ocrx_word' id='word_1_460' title='bbox 690 3974 801 4020; x_wconf 71' lang='lat' dir='ltr'>munibus</span> <span class='ocrx_word' id='word_1_461' title='bbox 822 3973 960 4033; x_wconf 84' lang='lat' dir='ltr'>hujusmodi</span> <span class='ocrx_word' id='word_1_462' title='bbox 980 3981 1177 4033; x_wconf 67' lang='lat' dir='ltr'>tnnsgmonsm</span> <span class='ocrx_word' id='word_1_463' title='bbox 1197 3972 1333 4033; x_wconf 68' lang='lat' dir='ltr'>repetenda.</span> 
     </span>
     <span class='ocr_line' id='line_1_44' title="bbox 184 4053 1334 4115; baseline 0.002 -17"><span class='ocrx_word' id='word_1_464' title='bbox 184 4053 291 4099; x_wconf 80' lang='lat' dir='ltr'>Similem</span> <span class='ocrx_word' id='word_1_465' title='bbox 311 4054 407 4112; x_wconf 80' lang='lat' dir='ltr'>insuper</span> <span class='ocrx_word' id='word_1_466' title='bbox 423 4054 541 4101; x_wconf 81' lang='lat' dir='ltr'>sotionem</span> <span class='ocrx_word' id='word_1_467' title='bbox 558 4055 661 4102; x_wconf 80' lang='lat' dir='ltr'>bsbesnt</span> <span class='ocrx_word' id='word_1_468' title='bbox 679 4069 823 4103; x_wconf 66' lang='lat' dir='ltr'>summ</span> <span class='ocrx_word' id='word_1_469' title='bbox 839 4055 881 4115; x_wconf 87' lang='lat' dir='ltr'>qui</span> <span class='ocrx_word' id='word_1_470' title='bbox 902 4054 985 4100; x_wconf 87' lang='lat' dir='ltr'>domui</span> <span class='ocrx_word' id='word_1_471' title='bbox 1002 4061 1026 4100; x_wconf 88' lang='lat' dir='ltr'>et</span> <span class='ocrx_word' id='word_1_472' title='bbox 1048 4053 1146 4101; x_wconf 69' lang='lat' dir='ltr'>eoeiede</span> <span class='ocrx_word' id='word_1_473' title='bbox 1165 4068 1207 4100; x_wconf 85' lang='lat' dir='ltr'>sue</span> <span class='ocrx_word' id='word_1_474' title='bbox 1227 4060 1334 4101; x_wconf 69' lang='lat' dir='ltr'>menter</span> 
     </span>
    </p>
   </div>
   <div class='ocr_carea' id='block_1_5' title="bbox 228 4141 1029 4200">
    <p class='ocr_par' dir='ltr' id='par_1_12' title="bbox 228 4141 1029 4200">
     <span class='ocr_line' id='line_1_45' title="bbox 228 4141 1029 4200; baseline 0.012 -3"><span class='ocrx_word' id='word_1_475' title='bbox 228 4155 341 4200; x_wconf 66' lang='lat' dir='ltr'>erun.</span> <span class='ocrx_word' id='word_1_476' title='bbox 359 4154 432 4200; x_wconf 85' lang='lat' dir='ltr'>soc.</span> <span class='ocrx_word' id='word_1_477' title='bbox 968 4141 987 4198; x_wconf 77' lang='lat'>2</span> <span class='ocrx_word' id='word_1_478' title='bbox 1006 4156 1029 4198; x_wconf 76' lang='lat'>1¹</span> 
     </span>
    </p>
   </div>
   <div class='ocr_carea' id='block_1_6' title="bbox 0 0 1774 4830">
    <p class='ocr_par' dir='ltr' id='par_1_13' title="bbox 0 0 1774 4830">
     <span class='ocr_line' id='line_1_46' title="bbox 0 0 1774 4830; baseline 0 0"><span class='ocrx_word' id='word_1_479' title='bbox 0 0 1774 4830; x_wconf 95' lang='lat' dir='ltr'> </span> 
     </span>
    </p>
   </div>
  </div>
 </body>
</html>
