3540 4830
450 475 709 523 vicecourrurr
734 477 1019 524 uounonrssurs.
1247 462 1306 535 157

160 625 277 711 Anglie
291 625 368 692 fecit
382 647 440 711 per
453 627 537 693 duos
548 627 724 694 servientes
739 628 918 696 interficere
934 627 1136 694 Murchisum
1151 628 1192 695 de
1208 629 1309 695 Mun·

160 731 242 793 seret
264 729 351 814 apud
374 729 497 815 Tyrum
521 730 555 794 in
570 731 669 797 Terre
683 731 813 813 Sancta,
837 735 922 798 sicut
947 740 1095 797 narretur
1116 730 1150 797 in
1173 731 1309 799 historia

161 831 298 916 predicti
314 831 410 917 Regis
426 831 565 897 Ricardi.

207 933 459 998 Memumndum
488 933 575 1018 quod
602 944 679 1019 post
704 934 831 1000 obitum
859 935 1022 1020 prenotati
1052 933 1161 1021 Regis,
1190 933 1309 1017 nullus,

160 1036 376 1122 implacitatus
400 1058 457 1121 per
471 1036 568 1102 breve
583 1059 690 1116 suum,
714 1037 884 1102 tenebatur
906 1038 1103 1125 respondere
1126 1038 1309 1107 edversario

161 1160 233 1217 suo,
248 1138 311 1201 nisi
326 1139 416 1222 prius
427 1139 590 1204 Dominus
605 1139 797 1218 Edicendum
813 1140 884 1204 Rex
898 1140 1027 1226 Anglie,
1040 1140 1127 1206 filius
1142 1162 1233 1221 suus,
1251 1163 1310 1228 per

161 1241 258 1306 breve
273 1264 369 1306 suum
388 1242 531 1309 dedisset
544 1243 578 1307 in
594 1242 756 1307 mendatis
769 1242 810 1307 ad
826 1241 923 1308 breve
937 1244 1039 1330 petris
1051 1244 1102 1310 sui
1117 1245 1159 1310 ud
1170 1246 1309 1312 eiectum

162 1345 415 1427 perducendum.

208 1447 281 1513 Hoc
301 1470 398 1528 enno,
413 1448 447 1512 in
462 1447 604 1514 crastino
625 1447 736 1513 Sancti
751 1447 928 1528 Veientini,
950 1449 1152 1535 divulgetum
1166 1451 1229 1518 fuit
1252 1474 1310 1538 per
1323 1466 1462 1542 oemunt
1471 1470 1513 1518 co

160 1551 432 1617 Archidiseonum
469 1551 712 1616 Londonierum
757 1550 916 1617 universis
952 1553 1126 1638 capellanis
1162 1555 1308 1639 ejusdem
1321 1548 1430 1582 '‘m‘'

160 1652 321 1733 Civitatis,
343 1655 432 1739 quod
446 1655 487 1718 ed
502 1655 691 1719 mundatum
712 1654 846 1719 Domini
874 1655 960 1740 Pepe
984 1678 1099 1720 omnes
1121 1657 1182 1721 viri
1205 1659 1309 1725 eccle·

158 1757 281 1822 siestici
304 1779 363 1842 per
386 1768 489 1822 tutem
514 1755 665 1843 Angliem
690 1758 870 1840 constituti,
893 1759 1008 1824 durent
1028 1781 1087 1844 per
1106 1761 1190 1827 duos
1204 1783 1308 1828 snuos

160 1861 332 1926 continuus
351 1861 509 1927 decimum
526 1872 651 1947 partem
663 1861 810 1927 omnium
826 1861 994 1928 mobilium
1006 1887 1140 1929 suorum
1155 1867 1308 1932 Dominis

162 1962 323 2028 Eduardo
338 1974 372 2028 et
386 1964 593 2044 Eadmundo,
609 1964 684 2029 filiis
700 1964 836 2050 predicti
848 1965 945 2052 Regis
961 1967 1307 2035 redeuntibussTerra

160 2064 289 2144 Sancte,
305 2065 346 2128 ed
360 2087 519 2150 expensas
528 2088 641 2131 eorum
653 2066 892 2153 ecquietendss,
906 2068 1067 2152 exemptis
1078 2072 1307 2138 tentummodo

164 2166 368 2250 Templariis,
383 2167 624 2251 Hospitslariis,
638 2180 672 2234 et
687 2168 854 2233 monachis
866 2168 1147 2237 Cisterciensibus.

206 2270 333 2348 Postea,
356 2271 460 2355 prime
482 2271 534 2336 die
558 2272 731 2336 Dominice
763 2271 1017 2358 quadragesime,
1041 2283 1122 2340 trrnc
1150 2277 1307 2363 temporis
1320 2288 1356 2337 De
1369 2289 1493 2354 aesopo

158 2372 312 2438 vicesimo
339 2384 432 2439 sexto
458 2374 510 2438 die
537 2373 713 2456 Februarii,
735 2375 858 2441 electus
888 2376 1144 2458 cantuariensis,
1173 2369 1382 2448 nominem·

160 2475 322 2539 Robertus
338 2476 379 2541 de
394 2477 619 2563 Kylewereby‚
642 2492 848 2544 consecratus
870 2479 933 2544 fnit
946 2480 1034 2566 spud
1049 2479 1257 2548 cantuariam
1272 2484 1307 2550 in

159 2576 345 2641 Cuthedrali
369 2577 503 2642 ecclesia
524 2577 643 2644 Sancte
667 2579 846 2645 Trinitatis.
893 2581 986 2646 'lunc
1010 2581 1142 2646 fueriurt
1166 2582 1212 2648 ibi
1234 2607 1308 2671 pre-

158 2692 267 2745 sentes
297 2681 472 2766 suffregsni
493 2681 544 2745 sui
568 2682 736 2768 Episcopi,
759 2683 882 2750 scilicet
904 2684 1099 2750 Laurentius
1123 2686 1163 2751 de
1185 2687 1306 2756 Sancto

156 2782 301 2847 Martino
311 2781 486 2861 Roffensis,
495 2783 935 2870 NichoieusWyntoniensis,
948 2785 1147 2853 Godefridus
1153 2789 1351 2876 lWygor·s⁰·
1364 2794 1412 2843 1³⁶
1423 2801 1457 2845 θ’·

157 2886 290 2965 niensis,
307 2887 463 2952 Ricardus
478 2887 729 2967 Linoolniensis,
746 2888 844 2973 Hugo
860 2889 1024 2975 Ripensis,
1050 2892 1197 2977 Rogems
1220 2894 1307 2961 Nor·

156 2989 325 3073 wysensir,
334 2988 531 3053 Willielmus
554 2989 760 3069 Batonensis,
774 2992 920 3076 Rogems
932 2990 1127 3073 Cestrensie
1142 2995 1306 3062 walterus

156 3091 362 3157 Exoniensis.
415 3092 549 3157 Electus
574 3115 651 3160 vero
680 3095 721 3159 de
750 3094 939 3174 Salesberia,
968 3097 1100 3161 nomine
1133 3097 1307 3181 Ιίοδοηιιι,

154 3193 218 3256 fuit
237 3214 380 3276 presens.
424 3194 470 3259 Et
494 3194 645 3262 absentes
671 3197 804 3262 fuerunt
827 3197 991 3262 Henricus
1016 3198 1258 3265 londoniensis
1272 3214 1307 3269 et

154 3295 323 3361 Johennes
344 3294 592 3363 Hereiordensis
615 3309 749 3383 propter
762 3297 984 3363 infirmitatem
998 3319 1122 3364 eorum.
1167 3301 1306 3388 Stepha-

156 3419 218 3461 nus
249 3406 358 3460 autem
385 3396 561 3464 Cistrensis
586 3401 694 3465 sdhuc
728 3401 791 3465 fuit
815 3400 903 3485 spud
930 3402 1080 3481 Romm,
1103 3402 1160 3468 ubi
1186 3404 1305 3472 missus

155 3501 259 3564 fueret
274 3519 332 3582 per
347 3497 558 3564 Octobonum
574 3501 716 3585 legatum
733 3503 830 3586 Pepe,
847 3501 932 3565 sicut
946 3502 1162 3588 prescriptum
1177 3515 1239 3572 est.

199 3602 450 3666 Memomndum
474 3603 561 3688 quod
586 3626 698 3670 mense
721 3603 920 3670 Novembris
945 3606 1096 3691 proximo
1118 3609 1304 3693 precedenti
1318 3644 1484 3694 Drama
1531 3644 1534 3648 ·

154 3716 314 3771 venerunt
339 3705 446 3769 nuntii
476 3706 610 3771 Domini
638 3709 725 3794 Pepe
750 3707 942 3788 londoniis,
972 3708 1152 3776 deserentes
1181 3711 1477 3782 litterararum

156 3809 308 3894 Papales3
331 3818 365 3872 et
380 3809 455 3892 quie
470 3810 633 3876 Dominus
656 3813 725 3876 Rex
748 3822 828 3875 tunc
842 3811 998 3896 temporis
1012 3810 1147 3894 obierst,
1170 3827 1204 3881 et
1218 3817 1304 3884 filius

154 3933 243 3989 suus,
262 3911 437 3974 succedens
458 3912 491 3976 in
507 3933 653 3996 regnum,
668 3936 734 3978 non
754 3913 817 3977 fuit
839 3934 984 3997 presens,
1010 3927 1175 4000 magnetes
1188 3920 1305 4005 Angiie

154 4015 327 4079 noluerunt
343 4015 495 4099 predictis
511 4016 638 4083 nunciis
650 4017 725 4083 dure
737 4038 942 4102 responsum,
953 4039 1052 4104 super
1065 4020 1153 4103 quod
1168 4022 1303 4107 predicti
