3540 4830
476 505 733 551 vroaoourrnu
759 504 1044 550 nosnomsauu.
1287 488 1327 545 95

184 677 243 739 par
261 655 413 720 achesom
436 656 476 721 de
501 679 535 722 se
561 667 749 722 muvement
772 678 835 742 pus
855 656 887 721 le
906 664 1008 720 terme
1034 663 1130 718 avant
1153 653 1212 731 dit,
1226 651 1331 716 scient

186 759 387 822 maintenant
401 760 521 822 rendus
538 781 628 824 aeus
644 770 677 824 et
691 768 872 823 retournea.
918 758 948 820 E
972 757 1000 820 si
1023 756 1046 818 il
1065 756 1128 821 iert
1146 754 1260 819 nulle
1276 765 1333 838 eyt

186 871 254 924 este
274 862 341 946 pris
367 863 442 946 puis
466 864 495 926 le
518 873 619 926 terme
645 874 744 926 avant
765 861 824 940 dit,
849 882 908 946 par
931 859 1073 924 achesun
1096 856 1141 919 dil
1162 864 1260 919 avant
1285 855 1334 917 dit

186 975 383 1039 muvement,
414 965 616 1027 meintenant
645 964 708 1027 seit
736 963 886 1027 delicere.
930 962 984 1024 En
1018 970 1171 1043 temoyne
1197 956 1251 1035 del
1265 960 1377 1019 oestso·
1389 958 1432 1006 ¹⁰⁴
1446 964 1478 1004 f·

185 1066 283 1128 chose
305 1088 378 1143 nus,
394 1079 427 1129 et
443 1075 552 1129 nostre
568 1066 663 1128 chere
686 1065 778 1141 lrcre,
802 1064 872 1127 Sire
897 1061 1049 1140 Richard,
1064 1082 1123 1145 par
1136 1060 1168 1122 la
1186 1079 1279 1144 grane
1293 1058 1334 1122 de

186 1166 260 1228 Deu
281 1164 352 1249 Rey
375 1167 414 1230 de
431 1167 590 1245 Alemain,
606 1189 624 1229 a
640 1177 709 1230 cest
728 1166 826 1229 escrit
849 1187 945 1228 arum
968 1166 1016 1229 iet
1030 1174 1131 1227 mette
1153 1183 1215 1226 nos
1237 1161 1334 1225 siaus.

185 1267 282 1331 Dune
298 1290 315 1328 a
333 1268 514 1331 Estratlord
531 1269 560 1331 le
576 1268 713 1332 sezisme
732 1268 787 1351 jur
802 1267 842 1329 de
864 1265 957 1344 Juin,
979 1266 1032 1328 lan
1055 1265 1096 1329 de
1110 1275 1222 1329 nostre
1237 1284 1335 1348 regne

185 1369 368 1452 Cinquante
384 1370 567 1452 primerein.

228 1470 315 1547 Cito,
330 1481 453 1553 postea,
468 1472 589 1554 recepit
601 1469 764 1533 Dominus
783 1467 853 1533 Rex
868 1467 909 1531 ad
924 1488 1038 1552 pacem
1048 1488 1140 1531 suam
1149 1467 1335 1532 Johannem

185 1572 225 1635 de
244 1572 371 1655 Eyvile,
397 1572 592 1634 Nicholaum
608 1570 648 1634 de
672 1571 823 1654 Segrave,
838 1568 1051 1632 Willielmum
1067 1569 1285 1652 Marmeyum,
1303 1579 1336 1632 et

185 1673 359 1756 complices
379 1693 503 1750 eorum,
518 1672 573 1755 qui
589 1671 745 1754 hospitati
759 1671 891 1734 luerunt
905 1669 990 1732 ultra
1005 1670 1153 1734 Pontem.

227 1773 321 1836 Circa
335 1773 421 1835 idem
436 1783 577 1855 tempus,
593 1771 737 1834 Domino
754 1772 840 1855 Rege
856 1791 980 1833 moram
993 1771 1131 1835 faciente
1146 1770 1233 1855 apud
1248 1769 1337 1834 Lon-

183 1874 308 1951 donias,
324 1873 358 1935 in
378 1873 578 1956 parlamento
594 1873 680 1956 apud
697 1872 964 1957 Wyndleshores,
979 1871 1195 1936 existentibus
1215 1871 1336 1935 ibidem

184 1976 316 2039 domino
342 1976 429 2058 Rege
451 1975 655 2053 Alemannie,
677 1974 811 2038 domino
837 1973 982 2038 Henrico
1004 1973 1071 2037 filio
1097 1975 1179 2057 ejus,
1203 1973 1336 2037 domino

184 2077 335 2160 Philippo
351 2077 479 2154 Basset,
494 2087 528 2140 et
541 2078 612 2141 aliis
623 2075 834 2162 Magnetibus
846 2077 936 2160 regni
946 2076 1075 2160 Anglie,
1085 2076 1161 2140 lacti
1170 2086 1248 2140 sunt
1259 2097 1336 2140 con·

183 2179 295 2242 cordes
311 2180 474 2242 Dominus
490 2179 670 2243 Edwardus
685 2189 719 2243 et
733 2179 854 2243 Comes
869 2178 1056 2243 Glovernie.

227 2280 354 2344 Eodem
369 2301 445 2343 vero
460 2290 606 2364 tempore
622 2281 747 2346 reddita
761 2281 824 2345 luit
847 2280 960 2344 Insula
974 2278 1014 2342 de
1029 2279 1093 2363 Ely
1109 2277 1254 2342 Domino
1269 2278 1337 2342 Ed·

62 2427 67 2431 -
184 2383 302 2459 wardo,
317 2383 372 2466 qui
388 2383 509 2465 recepit
530 2384 603 2447 illos
618 2406 700 2469 quos
722 2383 843 2447 ibidem
866 2382 992 2446 invenit
1005 2381 1046 2444 ad
1061 2401 1173 2464 pacem
1197 2390 1338 2444 suamet

184 2482 224 2545 nd
247 2483 381 2565 gratiam
409 2484 544 2546 Domini
572 2485 668 2568 Regis
691 2485 792 2569 patris
819 2483 881 2560 sui,
903 2493 937 2547 et
959 2502 1073 2545 omnes
1099 2479 1277 2543 clausturas
1303 2493 1337 2543 et

184 2585 382 2648 munitiones
402 2585 484 2648 cirea
506 2586 593 2650 illam
614 2598 647 2651 et
661 2587 695 2650 in
711 2587 776 2664 illa,
791 2597 829 2651 ut
851 2586 885 2650 in
900 2596 987 2649 terra
1004 2593 1038 2648 et
1060 2581 1094 2644 iu
1116 2602 1209 2664 aqua,
1224 2581 1336 2659 lactas,

181 2686 258 2750 lecit
274 2687 444 2770 prosterni.
490 2687 616 2751 Eodem
633 2687 741 2765 modo,
757 2708 872 2751 omnes
888 2685 1098 2759 munitiones,
1113 2681 1288 2758 barbelsan,
1303 2696 1336 2744 et

183 2787 356 2866 claustura,
380 2810 443 2873 que
466 2789 549 2852 facte
571 2789 704 2852 luerunt
729 2789 812 2852 cirea
838 2785 972 2852 Suwerlr
995 2785 1072 2848 lecit
1086 2783 1250 2847 Dominus
1267 2783 1337 2847 Rex

181 2901 384 2973 prosternere
399 2904 433 2954 et
447 2889 622 2967 adnullare,
637 2890 682 2953 ita
696 2888 785 2974 quod
800 2909 866 2952 non
881 2895 1016 2971 apparet
1029 2885 1121 2949 locus
1136 2884 1273 2948 illarum.

226 2993 344 3055 Postea
357 2991 519 3055 Dominus
531 2991 600 3053 Rex
611 2990 764 3054 recedens
779 3011 798 3051 a
814 2987 1005 3064 Londoniis,
1019 2988 1185 3070 profectus
1194 2996 1246 3051 est
1259 3008 1335 3050 cum

181 3094 293 3156 multis
310 3093 495 3156 Beronibus
511 3101 544 3153 et
559 3091 718 3155 militibus
740 3100 774 3153 et
798 3089 881 3167 aliis,
906 3088 1072 3174 peditibus
1098 3098 1132 3152 et
1157 3087 1334 3172 equitibus,

179 3193 329 3277 usquead
343 3191 603 3276 Salopesberyad
614 3190 814 3267 habendum!
825 3189 1063 3271 parlamentum
1076 3212 1151 3254 cum
1159 3189 1379 3279 lsewelino,s„
1396 3220 1440 3267 ως
1454 3228 1486 3267 ,.‚

180 3293 324 3376 principe
341 3291 467 3355 Wallie.

225 3393 290 3456 Hic
305 3412 409 3453 annus
425 3388 577 3453 omnibus
592 3390 697 3468 annis,
712 3399 808 3452 antea
822 3387 940 3471 elapsis
964 3388 1178 3471 temporibus,
1195 3399 1274 3453 tunc
1285 3390 1332 3452 vi·
1344 3421 1535 3480 ,4„.,s„„·1,·,‚

180 3493 337 3568 ventium,
346 3491 454 3554 extitit
468 3491 660 3571 fertilior,'ut
675 3492 710 3554 in
725 3491 821 3567 arvis,
836 3490 930 3574 copia
941 3502 1097 3574 segetum,
1110 3493 1143 3555 in
1152 3492 1332 3571 arboribus,

180 3595 273 3679 copia
284 3594 460 3672 fructuum,
474 3604 541 3656 tam
553 3593 587 3657 in
603 3594 694 3657 silvis
708 3604 743 3658 et
756 3593 790 3656 in
805 3592 953 3677 spinetis,
968 3614 1065 3678 quam
1086 3593 1119 3656 in
1142 3594 1285 3678 gardini·
1299 3606 1332 3660 et

180 3697 277 3761 etiam
292 3695 326 3757 in
341 3695 456 3759 vineis.

223 3797 475 3861 Memorandum
500 3797 588 3881 quod
615 3797 667 3861 die
694 3797 788 3861 Lune
814 3796 964 3881 proximo
985 3808 1060 3862 ante
1075 3798 1195 3861 lentum
1220 3797 1331 3863 Sancti

179 3900 362 3977 Michaelis,
382 3921 456 3963 com
472 3899 658 3964 Commune
671 3910 751 3964 tunc
765 3898 972 3964 convenisset
984 3899 1019 3963 in
1035 3898 1199 3965 Gildballs
1211 3900 1253 3965 ad
1274 3901 1331 3965 cli·

177 4005 318 4089 gendum
341 4003 556 4066 Vicecomites
582 4004 761 4066 secundum
788 4001 1042 4068 eonsuetudines
1077 4023 1165 4080 suas,
1192 4001 1329 4067 missum
