3540 4830
497 491 751 538 vicecourruu
776 492 1063 538 concomitans.
1311 483 1352 540 45

205 646 361 731 hospitati
384 646 516 708 fuerunt
540 655 631 710 extra
656 643 831 709 Civitatem
847 655 880 708 et
905 645 1077 730 complices
1100 667 1224 725 eorum,
1245 646 1298 711 vel
1316 646 1358 711 ad

209 749 398 833 Hospitium
421 748 635 825 Jerosolome,
650 747 731 813 etin
747 747 900 812 omnibus
915 747 985 811 aliis
1001 747 1153 813 domibus
1168 751 1253 815 inter
1268 749 1358 814 Civi-

207 863 308 916 tatem
319 860 352 915 et
361 850 701 915 westmonasterium.
732 851 1285 938 RexreroAlemanniehospitatus
1297 851 1360 915 luit

208 957 242 1019 in
258 956 355 1018 domo
372 975 430 1016 sua
444 953 530 1036 apud
546 952 885 1031 westmonasterium,
900 955 987 1038 quod
1002 976 1133 1020 necesse
1148 977 1215 1020 non
1234 954 1297 1018 fuit
1310 954 1361 1039 ip·

208 1079 281 1121 sum
295 1077 367 1120 esse
382 1055 416 1119 in
432 1053 584 1133 Ciuitate,
599 1054 672 1117 ciam
695 1055 859 1118 Dominus
875 1056 945 1119 Rex
960 1055 1006 1119 ibi
1027 1057 1144 1122 fuisset
1164 1058 1362 1144 hospitatus.

211 1161 327 1224 Postea
339 1159 420 1234 Rex,
435 1179 559 1221 moram
585 1155 705 1219 faciens
731 1156 765 1218 in
790 1155 931 1222 Civitate
954 1179 1013 1243 per
1036 1158 1222 1246 quindecim
1244 1158 1313 1223 dies
1327 1167 1362 1222 et

210 1263 361 1348 amplius,
375 1260 508 1324 recessit
532 1258 607 1322 inde
633 1257 721 1343 apud
745 1258 1074 1326 westmonasterium
1104 1262 1183 1346 xvij.
1208 1258 1363 1325 kalendas

210 1364 313 1440 lunii,
333 1373 367 1427 et
388 1362 484 1426 datus
509 1371 560 1427 est
585 1361 655 1425 dies
677 1360 718 1424 ad
743 1360 830 1425 aliud
859 1361 1097 1429 parlamentum
1122 1363 1308 1430 habendum
1322 1361 1366 1427 ad

212 1467 408 1553 quindenam
424 1464 535 1528 Sancti
549 1464 712 1528 Johannis
728 1463 888 1548 Baptiste.

257 1571 374 1634 Postea
387 1566 520 1631 recessit
536 1567 606 1630 Rex
621 1565 812 1630 Alemannis
827 1566 867 1631 de
883 1567 1293 1648 Londoniisremusmsre,
1305 1566 1368 1634 sci·

209 1673 295 1750 licet,
309 1672 344 1734 in
369 1671 452 1733 festo
465 1667 575 1731 Sancti
600 1667 734 1746 Botulfi,
749 1669 815 1753 qui,
830 1669 926 1732 tertia
940 1669 992 1733 die
1007 1681 1084 1755 post
1096 1670 1219 1735 dictum
1234 1671 1367 1747 samm,

213 1774 322 1860 posuit
337 1794 372 1835 ae
386 1772 420 1834 in
436 1771 515 1833 mari
531 1769 617 1853 apud
629 1770 815 1835 Doveriam.

257 1875 296 1939 In
312 1874 400 1938 dicto
421 1894 498 1936 vero
518 1870 723 1935 Parlamento
738 1871 882 1935 Domino
906 1872 993 1957 Rege
1004 1883 1038 1936 et
1054 1871 1236 1936 Beronibus
1250 1871 1368 1955 Anglie

211 1980 298 2044 varie
321 1987 354 2042 et
373 1976 499 2040 diverse
519 1973 736 2037 sentientibus
752 1973 837 2039 inter
855 1997 901 2053 se,
916 1974 1010 2039 datus
1031 1985 1082 2040 est
1107 1974 1177 2040 dies
1201 1975 1242 2039 sd
1261 1974 1369 2039 Parla-

213 2092 360 2147 mentum
376 2078 561 2144 habendum
577 2075 618 2139 sd
633 2077 753 2142 lestum
769 2077 882 2142 Sancti
898 2078 1061 2143 Edwardi.

304 2182 462 2248 Ricardus
479 2178 609 2244 Pikard.
1382 2156 1590 2283 ‹slidesa-ripn&

301 2286 470 2351 Johannes
483 2286 523 2348 de
539 2282 757 2347 Norhamton.
1382 2284 1559 2360 maassiae.

261 2388 335 2451 Hoc
358 2408 444 2449 anno
467 2384 501 2448 in
525 2385 608 2448 festo
631 2383 866 2448 'l'ranslationis
890 2383 1000 2449 Sancti
1023 2384 1175 2450 Edwardi
1198 2385 1302 2451 hctus
1319 2357 1470 2451 “tum
1557 2463 1583 2477 ..

216 2716 291 2757 cum
307 2691 448 2756 maximo
459 2688 564 2775 jubilo
579 2700 612 2753 et
626 2689 779 2776 tripudio.

262 2794 389 2858 Eodem
400 2813 498 2869 anno,
510 2791 561 2855 die
572 2791 665 2856 Lune
674 2804 750 2857 ante
761 2796 882 2859 festum
894 2793 1037 2858 Simonis
1048 2804 1082 2858 et
1091 2794 1115 2859 J
1117 2794 1190 2873 ude,
1202 2795 1306 2859 iactus
1321 2806 1373 2861 cst

217 2896 418 2961 Justitiarius
433 2894 548 2979 Anglie
564 2894 716 2959 dominus
739 2898 838 2982 Hugo
861 2897 890 2961 le
914 2898 1121 2982 Despenser3
1140 2909 1175 2963 et
1198 2899 1232 2963 in
1257 2899 1372 2964 eodem

218 3001 301 3064 festo
317 3001 420 3063 lactus
435 3009 486 3061 est
500 2997 617 3061 iterum
630 2996 737 3062 Maior
748 2999 943 3064 Willielmus
959 3000 1044 3064 tilius
1061 3002 1200 3065 Ricardi.

262 3103 380 3166 Postea
394 3101 427 3164 in
445 3100 596 3164 Crastino
619 3099 763 3165 Simonis
778 3113 812 3166 et
833 3102 921 3166 Jude
935 3103 1063 3166 rediens
1087 3104 1156 3167 Rex
1180 3102 1373 3167 Alemannis

221 3205 260 3268 de
288 3202 512 3267 transmarinis
535 3201 625 3266 venit
655 3202 853 3280 londonias,
869 3214 902 3267 ct
928 3204 980 3268 die
1010 3205 1158 3288 sequenti
1184 3204 1273 3268 venit
1303 3205 1373 3269 Rex

220 3307 328 3369 Scotie
343 3327 418 3368 cum
435 3305 558 3387 Regina
574 3325 642 3381 sua,
654 3326 727 3388 que,
739 3306 911 3391 repatriatu
927 3305 1072 3369 Domino
1082 3326 1287 3383 suo‚morsm
1298 3304 1374 3369 lecit

220 3437 294 3479 curu
312 3414 436 3498 Regina
451 3413 567 3496 Anglie
583 3422 685 3474 matre
702 3431 770 3485 sua,
786 3407 889 3470 donec
903 3420 1040 3490 pareret.

266 3516 340 3579 Hoc
349 3537 446 3592 anno,
458 3514 509 3577 die
526 3513 618 3577 Lune
631 3520 706 3595 post
721 3511 839 3572 festum
851 3508 962 3571 Sancti
974 3508 1159 3572 Eadmuudi
1175 3507 1283 3592 Regis,
1298 3529 1373 3593 pro·

222 3621 326 3683 uisum
353 3620 416 3682 suit
430 3617 464 3679 in
480 3616 576 3700 pleno
594 3614 770 3696 llustingo,
785 3612 859 3695 quia
874 3609 991 3695 placita
1006 3619 1095 3673 mota
1109 3630 1168 3693 per
1181 3609 1373 3674 multimoda
1521 3672 1527 3683 ,

220 3721 329 3786 brevia
345 3718 479 3784 Domini
493 3717 590 3801 Regis
606 3739 671 3779 non
687 3723 865 3800 potuerunt
879 3713 911 3774 in
928 3732 992 3772 una
1006 3711 1058 3774 die
1072 3733 1091 3773 a
1106 3733 1200 3775 mane
1214 3734 1317 3796 usque
1331 3713 1372 3776 sd
1385 3671 1595 3785 mma

221 3845 382 3909 vesperas,
398 3843 457 3885 nec
472 3820 568 3885 etiam
584 3840 685 3902 usque
703 3817 744 3880 ad
759 3814 1017 3899 completorium,
1032 3812 1148 3876 deduci
1159 3812 1200 3876 ad
1211 3814 1373 3897 effectum,
1385 3800 1595 3913 {amm

220 3952 239 3992 a
254 3929 305 3992 die
320 3926 374 3990 illa
388 3923 497 3991 omnia
511 3922 629 4009 placita
654 3931 744 3986 mota
765 3940 824 4004 per
845 3917 942 3981 breve
957 3915 999 3979 dc
1018 3914 1108 3993 dots,
1121 3914 1208 3980 unde
1223 3915 1374 3982 mulieres
1382 3930 1484 3993 pudes
