3540 4830
503 519 764 566 vrcrcourrou
790 516 1078 563 uouoorsrnuuu.
1345 496 1364 554 5

295 674 453 740 Riosrdus
465 672 505 739 de
518 671 750 759 Wymbeldon.

253 777 328 843 Hoc
349 799 435 843 anno
452 778 488 841 in
503 777 555 842 die
571 777 780 841 Pentecostes
795 781 968 840 coronatus
983 779 1035 837 est
1047 770 1135 837 idem
1150 770 1222 836 Rex
1237 768 1358 836 Henri·
1370 775 1407 851 13⁶
1422 771 1570 849 masos«

209 880 307 959 riuus,
332 879 419 966 apud
444 878 784 955 westmonasterium,
807 876 950 961 Hugone
976 875 1017 941 de
1045 875 1155 960 Burgo
1175 873 1358 940 Justitisrio
1472 838 1580 887 usam

211 983 314 1047 totius
328 983 464 1068 Anglie3
487 993 522 1046 et
534 981 649 1046 beatus
668 980 811 1044 Thomas
837 979 955 1043 Martir
979 979 1155 1044 translatus
1174 987 1226 1043 est
1244 986 1360 1064 postea

208 1084 244 1148 in
257 1085 407 1150 Crastino
423 1084 621 1149 octavarum
635 1081 872 1166 Apostolorum
888 1080 976 1146 Petri
990 1093 1025 1147 et
1039 1080 1142 1146 Pauli.

296 1185 453 1250 Ricardus
470 1186 609 1270 Rynger.
1373 1211 1542 1260 unctum.

295 1288 318 1353 J
319 1310 416 1353 oeeus
428 1287 451 1352 J
452 1289 557 1352 unior.

255 1391 330 1456 Hoc
344 1413 430 1456 anno
446 1392 579 1455 fuerunt
593 1389 711 1475 pluoita
725 1409 845 1455 corone
858 1389 946 1474 apud
959 1388 1100 1455 Turrim.

296 1495 381 1560 Item
398 1494 554 1559 Ricardus
571 1494 707 1578 Renger.
1375 1490 1425 1538 Ψ·
1437 1490 1494 1538 00'·
1504 1486 1552 1551 τό·

298 1599 441 1663 Thomas
457 1596 646 1662 Laumbert.

256 1701 331 1766 Hoc
354 1721 440 1765 anno
461 1720 638 1784 suspensus
661 1698 725 1764 fuit
740 1697 976 1764 Constantinus
990 1697 1076 1763 filius
1090 1697 1229 1779 Athulfi,
1244 1705 1279 1764 et
1293 1696 1363 1762 sine

209 1802 343 1888 judicio.

300 1903 385 1968 Item
400 1903 543 1967 Thomas
559 1901 748 1967 Laumbert.
1377 1906 1426 1954 ³¹⁰·
1439 1906 1496 1954 θ’θ’·
1506 1902 1565 1966 aas}

299 2005 495 2071 Willielmus
505 2004 639 2091 Joyner.

258 2108 333 2172 Hoc
359 2128 445 2170 anno
471 2107 575 2170 factus
590 2117 641 2170 est
661 2106 770 2172 Maior
784 2105 1029 2171 Londoniarum
1053 2106 1210 2172 Rioardus
1225 2106 1364 2192 Renger,

214 2211 269 2295 qui
284 2211 412 2275 duravit
426 2231 484 2294 per
497 2232 528 2274 v.
544 2231 657 2274 annos.

300 2311 386 2376 Item
400 2310 423 2375 J
424 2311 569 2375 ohannes
584 2311 730 2375 Thavers.

301 2414 448 2478 Andreas
464 2413 616 2478 Bukerel.

299 2515 385 2580 Item
399 2515 546 2579 Andreas
562 2514 713 2579 Bukerel.

305 2616 390 2680 Item
405 2615 427 2680 J
429 2616 573 2680 ohannes
585 2616 732 2680 Thuvers.

302 2718 465 2782 Martinus
480 2717 565 2781 filius
582 2717 759 2782 Williehni.

301 2822 449 2907 Rogerus
463 2821 494 2884 le
512 2821 597 2884 Duc.

301 2925 387 2990 Item
403 2924 567 2988 Martinus
582 2923 668 2987 filius
682 2923 861 2990 willielmi.

302 3028 388 3093 Item
404 3029 550 3112 Rogerus
562 3027 592 3092 le
606 3028 692 3092 Duo.

259 3130 334 3196 Hoc
349 3152 434 3195 anno
450 3131 582 3194 fuerunt
597 3129 714 3214 placita
735 3150 854 3195 corone
871 3131 957 3214 apud
977 3130 1119 3211 Turrim,
1144 3141 1179 3196 et
1197 3132 1220 3197 J
1222 3133 1367 3198 ohannes

216 3231 372 3296 Herlisun
387 3230 505 3295 defecit
532 3230 566 3293 in
592 3231 661 3315 lege
684 3252 754 3309 sua,
779 3253 877 3316 quam
891 3232 1033 3297 radiavit
1052 3255 1111 3318 pro
1131 3243 1236 3298 morte
1269 3234 1368 3298 Lam·

215 3332 298 3397 berti
319 3331 360 3395 de
375 3331 484 3415 Legis,
496 3331 548 3395 cui
563 3332 727 3395 DomInus
743 3333 815 3396 Rex
829 3334 990 3397 concessit
1003 3334 1102 3398 vitam
1119 3345 1152 3399 et
1167 3335 1312 3400 membra
1325 3336 1367 3400 ad

214 3433 402 3499 instantiam
418 3452 551 3517 precum
568 3433 744 3497 Mulierum
761 3433 932 3514 Civitatis3
954 3446 988 3499 et
1007 3434 1111 3501 faetus
1134 3447 1184 3501 est
1207 3438 1366 3522 Hospita-

215 3535 314 3600 larius
329 3535 362 3597 in
374 3533 539 3619 Hospitali
554 3533 577 3598 J
578 3535 770 3620 erosolyme.

304 3638 467 3702 Henricus
479 3637 519 3702 de
535 3637 695 3702 Cokham.
1381 3652 1582 3716 ,sacoma

303 3740 488 3826 Stephanus
502 3740 651 3804 Bukerel.

260 3845 335 3909 Hoc
350 3865 435 3909 anno
463 3844 566 3908 factus
588 3854 638 3908 est
663 3843 771 3908 Maior
794 3842 1039 3911 Londoniarum
1066 3847 1213 3934 Rogems
1235 3849 1265 3915 Ie
1281 3850 1367 3929 Duc,

215 3947 271 4034 qui
287 3948 415 4013 duravit
429 3969 487 4034 per
502 3947 558 4033 iiij.
574 3970 687 4013 annos.
