3540 4830
523 497 780 544 vrcsoorsrrurs
806 495 1091 542 nonnonrsnuu.
1323 479 1380 538 tos

232 645 308 712 (luo
334 645 433 725 dicto,
457 656 528 712 orta
553 659 604 714 est
626 649 711 714 inter
732 648 894 735 predictos
919 645 1113 731 Gregorium
1136 655 1172 710 et
1201 643 1383 710 walterum

231 747 368 812 verbosa
391 750 558 815 contentio
582 761 616 816 et
637 750 730 816 valde
755 749 991 816 contumeliosa
1014 769 1123 813 coram
1138 745 1229 812 omni
1250 746 1383 832 populo.

235 850 352 914 Postea
375 872 452 915 vero
488 851 594 916 dictus
616 853 781 918 Waltarus
806 853 918 918 exiens
944 874 964 916 s
990 850 1154 929 Gildallia,
1178 847 1314 914 accessit
1341 848 1383 913 sd

231 951 399 1015 ecclesiam
416 952 527 1017 Sancti
553 954 640 1017 Petri
665 954 699 1017 in
723 955 805 1032 loro,
825 964 859 1018 et
882 952 958 1018 lecit
983 951 1029 1017 ibi
1052 949 1225 1017 conversim
1241 949 1381 1015 multum

232 1052 390 1135 populum
411 1052 452 1117 de
479 1053 593 1119 officiis
615 1054 690 1133 ibis,
713 1054 832 1139 quibus
852 1065 956 1119 cartas
979 1053 1170 1132 contulerat,
1196 1051 1307 1117 dicem
1323 1051 1383 1130 eis,

231 1153 319 1236 quod
334 1154 442 1218 Maior
456 1165 490 1219 et
511 1155 566 1219 alii
579 1156 752 1221 voluerunt
766 1166 870 1220 cartas
885 1177 997 1221 eorum
1017 1155 1202 1240 infringere,
1228 1163 1279 1219 set
1293 1153 1321 1217 si
1336 1153 1383 1218 illi

233 1255 355 1319 vellent
374 1256 527 1322 adherere
553 1257 594 1337 ei,
616 1258 686 1342 ipse
708 1257 778 1322 illas
804 1278 918 1322 omnes
940 1257 1081 1341 integras
1105 1255 1291 1320 sustineret.
1336 1254 1383 1319 Et

231 1367 355 1440 postes,
370 1379 459 1436 vero,
484 1381 542 1444 per
565 1370 669 1425 totam
689 1360 777 1425 ibam
793 1359 879 1424 diem
894 1369 928 1423 et
946 1358 981 1423 in
996 1357 1137 1423 martino
1152 1357 1225 1442 ipse
1239 1356 1383 1442 perrexit

231 1480 288 1543 per
302 1460 391 1525 vicos
407 1470 441 1525 et
454 1463 578 1547 plateas
588 1462 749 1542 Civitatis,
758 1462 954 1548 predicando
966 1472 999 1525 et
1009 1460 1212 1525 attrahiando
1222 1460 1381 1545 populum

230 1562 258 1624 si
282 1575 395 1646 posset
418 1575 456 1627 ut
479 1565 670 1630 adhererent
693 1566 724 1630 ei
748 1577 861 1630 contra
885 1564 1044 1629 Maiorem
1068 1573 1102 1628 et
1124 1561 1281 1626 discretos
1296 1562 1383 1627 viros

231 1663 392 1730 Civitatis·
436 1665 536 1732 Quod
551 1668 682 1752 quidem
698 1669 808 1733 statim
823 1678 940 1733 notum
960 1677 1012 1733 est
1035 1664 1217 1730 Beronibus
1232 1664 1273 1729 de
1288 1663 1383 1729 Scae·

229 1768 314 1832 cario
326 1779 360 1832 et
386 1767 532 1835 Consilio
558 1772 693 1836 Domini
716 1772 826 1857 Regis,
841 1771 897 1857 qui
911 1771 988 1835 inde
1003 1769 1097 1834 valde
1111 1767 1267 1833 commoti
1293 1776 1383 1846 sunt,

230 1880 264 1933 et
272 1870 434 1946 timentes,
447 1893 488 1936 ne
504 1894 561 1956 per
576 1873 684 1958 ipsum
699 1874 881 1937 Walterum
894 1883 928 1937 et
937 1871 1112 1958 complices
1127 1891 1204 1934 suos
1219 1891 1281 1954 pax
1298 1870 1382 1954 regis

229 1970 263 2033 in
291 1970 431 2037 Ciuitate
456 1975 708 2058 perturbaretur,
736 1976 921 2041 habuerunt
946 1975 1032 2039 inter
1056 1994 1091 2038 se
1109 1971 1319 2057 colloquium,
1347 1982 1381 2037 et

229 2074 365 2139 miserm
389 2087 441 2141 est
464 2077 562 2144 breve
588 2079 724 2144 Domini
748 2078 846 2165 Regis
873 2077 993 2143 Maiori
1015 2087 1049 2142 et
1071 2072 1328 2140 vicecomitibus
1346 2075 1381 2140 in

228 2178 331 2240 forma
346 2178 529 2245 subnotata.

273 2280 464 2361 Edwardus‚
475 2284 535 2347 Dei
545 2284 647 2369 gratis
659 2286 728 2349 Rex
743 2283 871 2368 Anglie,
882 2283 940 2347 &a
947 2280 1065 2346 Maiori
1081 2291 1116 2345 et
1125 2278 1379 2345 vicecomitibus
1394 2289 1478 2336 Lmen
1490 2289 1589 2336 mnas

229 2396 263 2451 et
284 2385 399 2449 ceteris
415 2384 564 2450 fidelibus
583 2389 661 2466 suis,
677 2387 814 2452 Civibus
829 2384 1085 2462 Londonisrum,
1100 2383 1249 2448 salutem.
1294 2354 1463 2449 QuisR‘W
1394 2354 1507 2415 ΜΕ

230 2509 270 2550 ex
285 2486 503 2552 insinuatione
518 2499 636 2566 vesus,
659 2489 795 2553 Maioris
811 2486 960 2572 predicti,
980 2505 1109 2550 necnon
1132 2495 1167 2549 et
1188 2483 1324 2548 ldenrici
1339 2485 1381 2550 de

232 2588 406 2665 Coventre,
430 2587 580 2652 Nicholai
605 2590 645 2654 de
661 2590 851 2674 Wyntonia‚
867 2586 1034 2651 Willielmi
1055 2584 1096 2650 de
1120 2584 1298 2663 Dunelmo,
1320 2585 1381 2651 Jo-

229 2688 345 2753 hannis
360 2689 493 2767 Addua,
507 2690 644 2755 Arnoldi
668 2692 819 2768 Tedmar,
835 2688 984 2774 Gregorii
1005 2687 1045 2752 de
1068 2686 1219 2765 Rokesle,
1238 2687 1380 2773 Philippi

231 2792 260 2854 le
284 2791 415 2874 Taylur‚
437 2788 600 2855 lobannis
622 2794 663 2857 da
686 2793 824 2879 Gysors‚
849 2790 1011 2870 Johannis
1033 2788 1140 2867 Horn,
1155 2787 1324 2853 Willielmi
1339 2788 1380 2853 de

231 2894 262 2957 H
267 2893 413 2969 adestok,
424 2892 558 2957 Roberti
568 2895 608 2958 de
621 2894 846 2972 Meldeburna,
856 2894 945 2957 Luce
957 2892 998 2957 de
1009 2891 1201 2975 Batyucurt,
1211 2890 1380 2976 Reginaldi

230 2997 270 3059 de
287 2995 474 3073 Suffolchin,
491 2995 630 3062 Gilberti
648 2998 689 3062 de
703 2999 855 3076 Dunton,
869 2994 1089 3060 intelleximus
1112 2992 1200 3077 quod
1215 2991 1380 3059 walterus

233 3097 374 3180 Herevy‚
389 3097 486 3161 etalii
499 3099 630 3182 quidam
643 3098 683 3162 de
698 3099 833 3163 diversis
849 3097 963 3163 officiis
978 3095 1125 3179 ejusdem
1139 3091 1301 3172 Civitatis,
1312 3116 1381 3158 ma·

231 3201 346 3262 nileste
363 3200 527 3262 minantur
541 3201 663 3266 eisdem
679 3222 805 3286 pmcn,
823 3200 911 3284 quod
927 3198 1000 3282 ipsi,
1015 3218 1079 3259 uns
1094 3217 1168 3259 cum
1183 3194 1254 3258 aliis
1269 3206 1380 3260 nostre

231 3300 380 3363 Civitatis
396 3299 557 3378 fidelibus,
572 3303 710 3385 quedam
721 3313 843 3365 statuta
853 3300 919 3383 juri
930 3296 1089 3362 contraria
1098 3315 1155 3379 per
1170 3295 1328 3379 quosdam
1338 3297 1379 3362 de

229 3403 342 3467 officiis
355 3403 507 3487 predictis
518 3402 560 3465 ad
574 3402 699 3467 lucrum
711 3426 807 3468 suum
823 3401 991 3487 proprium
1000 3408 1034 3462 et
1047 3407 1161 3462 contra
1168 3418 1376 3464 communem

229 3504 400 3568 utilitatem
417 3504 502 3567 facta
516 3504 678 3569 infirmare
693 3505 885 3580 voluerunt3
908 3500 1027 3587 quibus
1042 3498 1174 3563 statutis
1188 3497 1275 3563 idem
1287 3500 1378 3565 Wal-

230 3619 329 3683 terus,
345 3616 490 3688 tempore
513 3627 578 3690 quo
602 3606 665 3669 suit
684 3606 804 3683 Maior,
819 3615 926 3691 preter
947 3621 1118 3665 assensum
1133 3608 1167 3663 et
1181 3621 1377 3666 consensum

229 3708 445 3794 predictorum
462 3707 605 3770 fidelium
622 3731 720 3792 super
734 3709 797 3773 hoc
820 3703 1075 3781 reclamantium,
1090 3711 1124 3765 et
1147 3705 1216 3766 sine
1231 3723 1377 3768 commu·

229 3813 327 3874 nitate
344 3809 498 3894 predicta,
509 3810 628 3893 apponi
640 3811 717 3875 fecit
729 3822 767 3875 ut
781 3810 908 3887 dicitur,
919 3820 953 3873 et
967 3807 1101 3890 insuper
1111 3805 1376 3889 congregationes

225 3927 259 3978 et
274 3913 529 3998 conspirationes
539 3936 612 3978 cum
623 3914 816 4000 quibusdam
825 3913 888 3979 sibi
898 3907 1140 3987 adherentibus,
1151 3907 1376 3976 dirersislocis
