3540 4830
727 575 904 620 sarraca.
1351 584 1413 629 m

254 735 272 763 ‘⁴
280 725 342 783 Rex
351 725 486 783 dilcctoet
494 726 568 784 fideli
578 746 629 785 suo
638 727 749 785 Thorne
758 729 816 786 filio
825 728 944 797 Thome,
952 731 1051 788 maiori
1062 731 1413 802 Londoniarum,salutem.

213 821 298 889 Cum,
312 821 408 879 sedata
421 821 578 879 turbatione
591 841 680 899 nuper
701 823 798 881 habita
821 825 850 880 in
872 844 960 901 regno
983 834 1092 896 nostro,
1117 828 1152 885 de
1166 829 1282 888 consilio
1296 851 1413 907 magna·

212 929 305 977 torum
318 928 479 976 nostrorum
491 920 578 976 fuerit
590 921 732 995 provisum
747 921 823 997 quod
837 943 854 979 a
867 923 1009 980 nonnullis
1022 925 1149 1000 ejusdem
1163 929 1242 1003 regni
1256 947 1413 986 sacramen·

211 1027 281 1086 tum,
296 1017 373 1094 quod
386 1038 437 1075 vos
451 1037 508 1075 non
521 1018 597 1086 latet,
618 1019 698 1077 nobis
717 1028 896 1095 prestaretur,
916 1040 950 1079 ac
971 1020 1113 1080 liobertns
1129 1025 1269 1101 Aguillun
1283 1026 1320 1083 ad
1334 1046 1413 1084 man·

212 1115 308 1174 datum
330 1124 458 1172 nostrum
480 1116 560 1173 nobis
582 1126 786 1174 sacramentum
810 1117 880 1175 illud
902 1119 1025 1176 nondum
1038 1122 1199 1196 praetiterit,
1222 1123 1257 1180 de
1281 1123 1414 1182 fidelitate

211 1222 304 1270 restra
317 1212 398 1288 plene
411 1211 591 1279 confidentes,
605 1212 687 1270 vobis
700 1214 876 1288 presentibus
889 1214 989 1272 litteris
1009 1218 1112 1275 nostris
1134 1217 1232 1276 damus
1246 1228 1412 1296 potestatem

212 1309 359 1386 recipiendi
373 1329 390 1366 a
404 1309 514 1386 prefato
526 1308 660 1377 Roberto,
671 1311 732 1368 vice
750 1320 856 1380 nostra,
871 1324 1075 1372 sacramentum
1089 1315 1253 1391 predictum.
1296 1316 1337 1373 Et
1349 1316 1412 1373 ideo

210 1409 289 1467 vobis
303 1406 467 1465 mandamus
489 1407 565 1482 quod
589 1418 792 1466 sacramentum
813 1410 883 1467 illud
897 1431 915 1469 a
928 1411 1035 1487 prefato
1052 1412 1176 1469 Roberto
1190 1412 1302 1469 nomine
1316 1422 1412 1470 nostro

210 1504 358 1580 recipiatis,
372 1504 444 1560 sicut
457 1502 612 1579 predictum
626 1514 678 1561 est.
719 1505 754 1562 ln
767 1507 847 1582 cujus
861 1515 914 1564 ete.
955 1509 1041 1566 Teste
1057 1507 1136 1584 Rege
1150 1509 1225 1585 apud
1239 1508 1412 1586 Northamp.

209 1611 305 1660 tonam
319 1601 347 1657 xi
360 1600 405 1657 die
420 1599 537 1675 Aprilis.
619 1601 674 1658 Per
687 1602 816 1659 comitem
831 1602 983 1661 Ieioestrie
996 1614 1025 1661 et
1038 1613 1128 1661 totum
1143 1603 1317 1663 concilium.”

252 1709 269 1736 “
282 1699 344 1756 Rex
368 1697 458 1756 eidem
482 1697 586 1755 Maiori
601 1697 729 1756 sulutem.
771 1700 853 1767 Cum,
877 1701 973 1758 sedata
987 1703 1146 1759 turbatione
1159 1720 1248 1776 nuper
1271 1700 1366 1758 habita
1380 1701 1409 1756 in

210 1818 307 1875 regno,
328 1798 363 1855 ds
376 1797 492 1856 consilio
512 1807 675 1874 magnatum
698 1808 857 1855 nostrorum
878 1798 962 1856 fuerit
975 1799 1126 1875 provisum,
1141 1797 1217 1873 quod
1238 1796 1411 1854 anonnullis

209 1895 336 1972 ejusdem
346 1895 425 1970 regni
438 1904 652 1961 sacramentum,
663 1895 794 1952 informa
807 1914 891 1972 quam
902 1897 1035 1972 magister
1050 1896 1175 1954 Thomas
1186 1896 1221 1953 de
1238 1894 1410 1953 Piwelesdon

211 1993 290 2049 vobis
298 2000 417 2068 exponet
428 1991 462 2048 de
476 2000 556 2067 parts
569 2001 675 2059 nostra,
685 1992 766 2049 nobis
780 1999 960 2067 prestaretur,
974 2001 1003 2050 et
1019 1994 1161 2051 Robertus
1177 1991 1305 2068 Aguilun
1320 2010 1411 2049 saera·

209 2098 336 2146 mentum
349 2087 419 2145 illud
439 2087 575 2147 hactenus
595 2099 721 2166 prestare
742 2088 890 2156 distulerit,
914 2109 957 2157 ae,
975 2091 1010 2149 ds
1034 2091 1152 2148 concilio
1165 2099 1262 2147 nostro
1286 2088 1411 2165 predicto

209 2186 288 2243 vobis
302 2204 352 2262 per
373 2184 480 2242 litteras
504 2194 615 2242 nostras
639 2195 774 2262 patentes,
788 2205 859 2262 quas
880 2206 937 2245 uns
958 2207 1022 2245 cum
1035 2187 1210 2264 presentibus
1225 2186 1305 2244 vobis
1319 2195 1411 2245 trans·

208 2280 352 2346 mittimus,
380 2286 545 2354 potestatem
573 2279 699 2336 dedimus
724 2290 930 2337 sacramentum
954 2280 1024 2338 illud
1047 2283 1083 2340 ab
1110 2303 1144 2341 eo
1172 2283 1322 2360 recipiendi
1350 2284 1411 2341 vioe

208 2385 311 2443 nostra,
326 2384 410 2453 prout
426 2375 525 2433 litteris
539 2376 671 2451 predictis
691 2376 800 2453 plenius
818 2377 995 2445 continetur;
1016 2380 1096 2436 vobis
1110 2379 1274 2436 mandamus
1288 2378 1373 2453 quod,
1387 2380 1411 2436 si

208 2473 332 2551 prefatus
348 2471 491 2529 Robertus
506 2477 708 2527 sacramentum
722 2469 877 2544 predictum
891 2489 986 2527 coram
1000 2471 1080 2528 robis
1093 2480 1217 2546 prestare
1239 2470 1411 2528 recusaverit

209 2569 253 2628 vel
267 2569 404 2626 malitiose
418 2565 568 2633 distulerit,
589 2574 656 2621 tunc
670 2565 762 2639 ipsum
775 2563 893 2620 arestari
908 2572 937 2621 et
950 2564 1029 2622 salvo
1043 2567 1176 2624 custodiri
1189 2565 1307 2632 faciatis,
1322 2566 1410 2625 donec

209 2666 286 2725 aliud
299 2685 317 2723 a
329 2665 411 2723 nobis
424 2664 490 2722 inde
503 2663 663 2738 receperitis
684 2662 712 2718 in
727 2660 875 2728 mandatis,
894 2668 923 2719 et
936 2661 990 2719 hoc
1004 2662 1162 2721 nullatenus
1176 2663 1319 2720 omittatis.
1361 2662 1411 2721 Ad

209 2764 271 2832 hec,
285 2764 351 2840 quia
363 2762 487 2838 prefatus
504 2759 645 2817 liobertus
665 2778 715 2836 per
739 2758 899 2816 dilationem
919 2761 1098 2836 prestationis
1112 2762 1279 2819 sacramenti
1292 2759 1409 2837 predicti

208 2862 300 2937 magis
314 2878 343 2916 se
356 2858 437 2916 nobis
451 2855 571 2914 reddidit
591 2863 760 2932 suspectum,
780 2854 910 2912 volumus
924 2855 1008 2931 quod,
1029 2859 1146 2933 prestito
1160 2866 1333 2918 sacramento
1347 2877 1409 2933 pre·

208 2958 292 3025 dicto,
306 2957 409 3014 bonam
432 2954 468 3011 ab
492 2972 526 3010 eo
549 2951 689 3028 recipistis
714 2950 890 3009 securitatem
917 2971 1000 3029 super
1023 2954 1217 3013 observatione
1241 2954 1409 3011 sacramenti

207 3054 341 3131 ejusdem,
353 3061 381 3110 et
393 3052 478 3109 etiam
490 3048 614 3108 emendis
625 3048 845 3125 competentibus
854 3049 935 3106 nobis
944 3050 1078 3109 faciendis
1088 3070 1141 3127 pro
1151 3051 1371 3128 transgressione
1381 3059 1410 3107 et

206 3156 367 3226 contemptu
380 3148 461 3206 nobis
474 3147 556 3204 factis
569 3146 599 3202 in
613 3145 764 3222 premissis.
806 3144 892 3205 Teste
905 3156 937 3205 ut
950 3147 1059 3224 supra.”

247 3246 338 3304 “Rex
351 3246 441 3302 eidem
456 3243 584 3302 Roberto
609 3242 736 3299 salutem.
778 3241 861 3310 Cum,
884 3242 980 3300 sedata
993 3243 1153 3300 turbatione
1167 3262 1256 3320 nuper
1269 3243 1365 3300 habita
1379 3243 1407 3300 in

207 3364 297 3422 regno
315 3351 413 3402 nostro
434 3342 469 3398 de
493 3340 610 3399 oonsilio
631 3348 796 3416 magnatum
821 3349 982 3398 nostrorum
1006 3342 1149 3417 provisum
1172 3342 1266 3409 fuerit,
1291 3341 1367 3418 quod
1391 3361 1410 3399 a

206 3440 347 3500 nonnullis
361 3440 488 3516 ejusdem
502 3438 582 3514 regni
603 3446 817 3507 sacramentum,
838 3438 915 3515 quod
937 3438 1066 3496 fortassis
1080 3458 1131 3496 vos
1145 3439 1234 3497 latere
1247 3458 1305 3497 non
1319 3439 1409 3496 credi·

206 3559 278 3606 mus,
293 3539 375 3595 nobis
399 3546 580 3613 prestaretur,
604 3554 637 3593 ac
651 3553 702 3591 vos
716 3544 921 3594 sacramentum
941 3535 1012 3594 illud
1032 3535 1168 3594 hactenus
1181 3547 1307 3612 prestare
1321 3536 1410 3592 distu-

205 3636 307 3700 leritis,
322 3632 525 3709 propterquod
540 3631 645 3689 Maiori
659 3640 756 3688 nostro
771 3631 980 3690 Londoniarum
1001 3632 1204 3698 mandarimus,
1218 3631 1294 3708 quod
1316 3649 1410 3688 sacra·

206 3744 333 3793 mentum
354 3740 480 3794 vestrum
501 3751 518 3788 a
542 3731 622 3787 vobis
645 3730 760 3804 recipiat
783 3729 846 3784 vioe
868 3736 973 3795 nostra,
999 3727 1080 3784 vobis
1101 3726 1267 3784 mandamus
1290 3725 1410 3783 tirmiter

206 3833 395 3907 injungentes,
415 3835 554 3903 quatenus
578 3827 608 3882 in
633 3825 774 3901 presentia
795 3822 862 3880 dicti
877 3821 997 3880 Maioris
1020 3832 1226 3880 sacramentum
1246 3822 1327 3880 illum
1348 3825 1408 3881 sine

207 3926 371 3987 difficultate
395 3923 525 4000 prestetis
548 3923 577 3980 in
598 3922 691 3979 forma
704 3939 789 3997 quam
802 3918 883 3977 robis
897 3918 1025 3996 injunget
1039 3938 1073 3976 ex
1088 3928 1167 3995 parte
1180 3929 1287 3991 nostre,
1301 3931 1331 3980 et
1344 3920 1408 3989 hoc,

204 4027 277 4084 sicut
290 4042 341 4079 vos
355 4031 384 4079 et
397 4029 491 4078 vestra
505 4019 632 4097 diligitis,
646 4016 806 4078 nullatenus
820 4015 966 4075 omittatis.
1007 4015 1092 4076 Teste
1106 4026 1139 4075 ut
1152 4019 1263 4096 supra.”

251 4141 364 4185 CAMD.
382 4139 457 4185 800·
1217 4139 1234 4180 θ
