3540 4830
718 485 897 532 raasson.
1310 465 1409 532 lxxxv

207 634 252 692 his
265 633 467 694 father-iudan
480 635 560 697 made
579 655 648 697 over
668 647 699 696 to
717 638 776 697 him
796 638 853 697 aud
871 638 916 695 his
935 636 1074 712 daughter
1087 636 1131 693 his
1145 636 1247 712 capital
1260 655 1408 713 messuage

203 731 263 790 aud
277 751 376 789 manor
395 731 428 790 of
439 733 708 803 Watton-atStoac,
723 735 814 793 where
836 735 969 802 Thomas,
991 734 1064 791 their
1084 733 1174 791 eldest
1194 753 1245 790 son
1265 733 1321 790 and
1337 734 1409 803 heir,

208 849 263 886 was
277 830 357 896 beru,
370 849 408 886 on
421 830 470 888 the
483 831 554 888 feast
568 832 601 889 of
620 832 663 890 St.
678 833 803 901 Francis,
816 833 869 891 eth
884 833 1021 900 October,
1039 833 1127 899 1282,
1141 851 1172 889 as
1187 850 1227 888 we
1240 831 1319 888 learn
1332 830 1408 889 from

207 925 255 983 the
268 928 430 1002 inquisition
445 928 529 986 taken
543 929 616 987 atter
630 929 678 987 the
691 930 806 990 decesso
819 932 853 988 of
863 930 907 988 his
920 930 1022 1000 father,
1036 929 1110 988 eard
1123 929 1204 987 Edw.
1218 929 1251 998 1.‚
1266 929 1329 986 who
1343 930 1407 989 died

208 1023 298 1081 seiaed
311 1023 344 1081 of
354 1025 410 1082 this
424 1045 523 1084 maner
537 1028 567 1083 in
581 1028 658 1104 right
672 1029 705 1086 os
721 1028 766 1086 his
780 1028 852 1098 wife,
866 1028 929 1087 who
942 1048 999 1086 was
1020 1026 1128 1085 herself
1138 1027 1208 1084 born
1222 1046 1260 1084 on
1273 1028 1322 1085 the
1335 1027 1408 1085 feast

205 1119 239 1176 of
250 1119 296 1178 the
312 1122 521 1181 Annuuciation
536 1124 569 1182 of
579 1124 629 1182 the
642 1125 754 1183 blessed
764 1125 877 1200 Virgin,
892 1125 965 1185 atah
982 1124 1095 1190 March,
1115 1124 1203 1182 1258.

247 1225 264 1253 ‘⁶
275 1218 497 1277 Hertiordscira.
539 1221 667 1279 Watton.
707 1223 859 1299 Inquisicio
872 1224 948 1282 t'acta
962 1223 996 1279 de
1010 1223 1092 1280 terris
1110 1230 1140 1279 et
1163 1222 1329 1279 tenementis
1353 1240 1407 1298 que

203 1315 320 1375 fuerunt
343 1317 476 1393 Hugonis
500 1319 621 1377 Bardolf
642 1320 777 1391 dehmeti,
803 1323 851 1398 qui
876 1321 910 1379 de
936 1322 1015 1396 Rege
1043 1320 1132 1378 tenuit
1158 1319 1188 1376 in
1211 1321 1310 1395 capite,
1330 1321 1407 1378 facta

205 1430 299 1469 coram
315 1412 466 1470 Escaetorc
483 1413 600 1472 Domini
613 1415 700 1491 Regis
721 1417 795 1493 apud
815 1416 1001 1476 Cestrehunte
1015 1416 1112 1472 xxviii⁰
1125 1415 1169 1472 die
1185 1414 1317 1473 Octobris
1331 1435 1406 1473 anuo

204 1510 284 1584 regni
303 1510 377 1585 Regi
393 1510 525 1568 Edwardi
539 1513 622 1569 xxxii.
637 1532 686 1588 per
701 1513 841 1571 Thomarn
855 1514 890 1571 de
906 1513 1027 1573 Scolaud
1040 1513 1167 1580 militem,
1188 1513 1345 1570 Robcrtum
1369 1513 1405 1572 de

204 1602 349 1682 Melkeley
363 1606 488 1674 militem,
512 1606 665 1664 Ricardum
685 1607 721 1666 de
740 1609 896 1686 Gatisbury
909 1609 1037 1675 militem,
1053 1608 1226 1664 Wilielmum
1247 1608 1281 1666 de
1303 1609 1406 1678 Hurst,

206 1698 321 1757 Petrum
336 1700 370 1756 de
386 1700 475 1778 Tany‚
490 1701 648 1758 Johannem
662 1703 749 1759 filium
763 1703 914 1779 Raduiphi,
925 1702 1075 1762 Gamelum
1085 1701 1120 1759 de
1131 1702 1227 1770 Ware,
1241 1703 1358 1760 Petrum
1371 1703 1406 1761 de

204 1794 393 1871 Beauchamp,
419 1794 558 1853 Thomam
582 1798 617 1854 de
642 1797 670 1853 la
696 1798 787 1866 Mare,
811 1798 971 1857 Johaunem
994 1797 1028 1855 de
1051 1797 1079 1854 la
1103 1796 1196 1864 Mare,
1222 1796 1406 1873 Sampsonem

203 1888 339 1965 Gregori,
361 1889 508 1948 Eudonem
528 1890 562 1948 de
584 1891 703 1961 Peletot,
727 1892 879 1951 Ricardum
893 1894 928 1950 dc
943 1892 1061 1972 Heylee,
1076 1891 1235 1949 Johannem
1249 1890 1284 1948 de
1298 1892 1405 1950 Wand-

203 1987 331 2065 lyngton,
353 1986 526 2045 Willelmum
546 1987 581 2045 de
604 1989 736 2058 Chclseu‚
761 1991 921 2050 Johanncm
944 1990 979 2048 de
1004 1989 1176 2057 Netherwik‚
1199 1989 1355 2046 ltobertum
1370 1989 1405 2047 de

202 2084 374 2153 Kersebrok,
399 2084 558 2142 Johanuem
583 2086 618 2143 de
642 2086 786 2156 Blomvill,
815 2086 989 2164 Stephanum
1012 2086 1039 2144 le
1063 2085 1145 2153 Bias,
1173 2085 1345 2143 Willelmum
1369 2085 1404 2145 de

202 2181 343 2260 Berhyng,
370 2183 486 2240 Petrum
509 2192 567 2241 atte
597 2184 764 2252 Halvehide,
789 2185 947 2242 Johannem
972 2184 1007 2242 de
1034 2182 1182 2251 ntelketce,
1208 2181 1348 2241 Thomam
1369 2182 1404 2241 da

200 2280 397 2348 Whiteberwc‚
424 2279 611 2356 Regiualdum
631 2281 764 2340 clericum
785 2282 819 2339 de
843 2282 1001 2358 Repind0n‚
1019 2290 1048 2338 et
1061 2278 1236 2338 Willelmum
1255 2281 1403 2340 Gernoun.

200 2375 258 2438 Qui
271 2375 367 2432 dicum
381 2394 430 2452 pcr
444 2385 648 2433 sacramentum
666 2396 748 2433 suum
770 2376 845 2451 quod
868 2376 956 2451 Hugo
972 2376 1093 2434 Bardolf
1103 2376 1147 2431 die
1161 2394 1218 2450 quo
1232 2375 1301 2431 obiit
1314 2375 1404 2430 tenuit

199 2491 287 2529 unum
311 2474 485 2547 mesuagium
504 2481 534 2529 et
557 2492 642 2529 unam
665 2481 824 2531 carucatam
844 2481 918 2530 terre
942 2492 1007 2530 cum
1036 2473 1209 2548 pertinentiis
1234 2472 1263 2528 in
1285 2471 1404 2529 Watton

200 2566 288 2626 Stena
302 2568 331 2623 iu
345 2568 479 2624 comitatu
494 2566 667 2635 Hertfordic,
681 2575 714 2624 ut
728 2567 762 2625 de
783 2567 936 2625 hereditate
957 2566 1084 2635 isabella
1099 2586 1153 2642 que
1175 2567 1230 2623 fuit
1251 2585 1322 2624 uxor
1341 2585 1404 2642 pro-

200 2661 268 2719 dicti
290 2661 433 2736 Hugonis,
457 2680 511 2736 que
532 2661 623 2720 adhuc
645 2671 785 2739 superstes
806 2671 857 2720 eat.
899 2662 939 2720 Et
959 2662 1056 2720 dicrmt
1077 2661 1153 2737 quod
1172 2661 1359 2737 mesarmgium
1373 2668 1403 2719 et

200 2768 276 2817 terra
295 2758 420 2834 predicta
440 2778 503 2817 cum
526 2760 701 2835 pertinentiis
722 2769 852 2818 tenentur
872 2759 908 2818 da
930 2760 1009 2836 Rege
1030 2761 1059 2816 in
1073 2761 1162 2835 capite
1176 2778 1226 2836 per
1239 2752 1402 2836 serjantiam

198 2854 356 2913 inveniendi
378 2854 490 2911 domino
516 2854 590 2931 Regi
614 2856 644 2912 in
667 2875 771 2933 guerra
792 2855 895 2914 Wallie
917 2875 1005 2914 unum
1029 2855 1169 2912 hominem
1190 2855 1312 2932 peditem
1335 2873 1401 2912 cum

197 2969 265 3008 arcu
285 2959 314 3008 et
334 2950 443 3025 sagittis
462 2969 513 3027 per
531 2951 576 3009 11⁸
588 2952 648 3009 dies
668 2953 705 3009 ad
727 2962 821 3010 custos
842 2972 907 3010 suos
928 2952 1063 3028 proprios,
1077 2959 1107 3009 et
1120 2950 1214 3010 valent
1227 2950 1257 3006 in
1271 2949 1400 3011 omnihus

197 3048 316 3107 exitibus
330 3066 367 3105 xv
374 3048 405 3106 li.
571 3049 687 3107 Summa
700 3068 737 3107 xv
743 3049 790 3108 lil'

238 3154 256 3182 ‘⁶
266 3145 375 3204 Dicunt
384 3146 469 3204 etiam
479 3145 597 3221 predicti
604 3147 693 3222 jurati
704 3147 781 3222 quod
792 3147 917 3205 Thomas
928 3146 1049 3205 Bardolf
1056 3146 1131 3203 filius
1141 3144 1258 3222 predicti
1266 3143 1400 3219 Hugonis

196 3252 241 3300 est
263 3244 323 3319 ejus
346 3242 428 3300 heres
448 3243 639 3319 propinqqur‚
653 3253 682 3302 et
704 3245 761 3303 fuit
783 3246 866 3302 etatis
888 3245 988 3320 viginti
1009 3253 1039 3301 et
1058 3243 1177 3300 duorum
1198 3260 1336 3300 annorum
1354 3241 1400 3301 die

198 3340 294 3400 Sancti
308 3341 449 3398 Francisci
463 3342 590 3416 proximo
609 3342 753 3418 preterito.
794 3341 934 3417 Requisiti
955 3340 1076 3417 qualiter
1094 3339 1149 3397 hoc
1166 3339 1279 3404 sciunt;
1303 3337 1400 3396 dicunt

196 3438 272 3515 quod
292 3439 351 3514 ipse
374 3437 499 3496 Thomas
519 3447 603 3496 natus
623 3438 679 3496 fuit
694 3439 723 3495 iu
738 3437 861 3514 prodicta
874 3438 943 3496 villa
956 3437 991 3494 de
1006 3437 1124 3494 Watton
1138 3435 1183 3493 dic
1199 3435 1296 3495 Sancti
1311 3433 1399 3491 Frau-

197 3533 264 3591 cisci
282 3551 357 3590 anno
371 3533 449 3607 regni
465 3531 552 3608 Regis
568 3532 699 3590 Edwardi
712 3552 788 3590 nunc
801 3532 917 3601 decimo,
932 3539 961 3590 et
974 3532 1049 3607 quod
1063 3531 1116 3607 ipsi
1129 3538 1159 3588 et
1172 3548 1269 3587 corum
1283 3527 1401 3603 quilibet

198 3640 266 3688 tunc
287 3630 419 3704 temporis
439 3629 554 3687 fuerunt
570 3630 599 3684 in
613 3629 722 3686 visneto
736 3628 853 3705 predicti
866 3629 982 3686 manerii
996 3627 1159 3692 residentes,
1173 3645 1224 3702 per
1238 3623 1314 3700 quod
1327 3625 1398 3683 beas

196 3727 324 3787 recolunt
334 3725 409 3801 quod
423 3734 533 3783 tantam
546 3735 656 3802 tempus
669 3734 713 3782 eat
726 3726 861 3801 elapsum.
886 3724 921 3781 Iu
932 3725 1011 3800 cujus
1023 3726 1063 3780 rei
1077 3722 1268 3780 testimonium
1281 3720 1397 3798 predicti

195 3825 290 3887 Jurati
303 3823 369 3880 huic
383 3823 558 3899 inquisicioni
573 3822 664 3898 sigilla
678 3842 729 3880 aua
742 3820 957 3898 apposuerunt.”

236 3934 253 3961 ‘⁸
265 3923 352 3981 Facta
362 3923 418 3980 fuit
428 3921 576 3998 inquisicio
586 3920 709 3997 predicta
724 3919 798 3997 apud
813 3917 1001 3978 Cestrchuute
1015 3917 1044 3973 in
1058 3918 1193 3975 comitatu
1206 3915 1330 3992 predicto
1345 3934 1394 3991 pro

194 4043 228 4084 eo
252 4023 328 4103 quod
352 4020 491 4100 predictus
521 4019 644 4079 Thomas
673 4018 794 4080 Bardolf
818 4026 900 4076 natus
922 4017 977 4075 fuit
999 4015 1075 4094 apud
1097 4016 1230 4073 Wattone
1254 4013 1341 4072 Stone
1365 4013 1396 4069 in
