3540 4830
467 501 722 546 vrcscourrosr
751 499 1037 544 cosnosrsauu.
1269 481 1326 552 171

177 655 326 737 proximo
353 654 528 737 precedens
554 654 640 738 apud
666 653 855 737 Burdegalis
879 653 911 715 in
935 649 1105 714 Vasconia.
1151 651 1236 714 Nate
1252 671 1328 715 vero

178 757 309 820 fuerunt
323 757 352 820 ei
368 757 430 820 due
451 757 514 820 filie
531 758 564 819 in
579 758 677 820 Terra
694 757 823 834 Sancta,
847 778 982 840 quarum
999 777 1063 816 una
1078 764 1204 818 mortua
1219 763 1280 831 est,
1295 764 1328 817 et

177 859 275 921 altera
291 859 469 922 venitcum
492 881 531 922 eo
547 870 668 922 etcum
695 859 818 942 Regina
837 880 940 943 usquc
964 857 997 920 in
1017 857 1230 934 l'asconiam3
1264 877 1327 940 que

177 973 289 1043 postea
319 961 436 1024 tradita
466 974 517 1024 est
545 962 584 1023 ad
615 960 820 1025 nutriendam
849 959 1025 1023 Comitisse
1050 959 1090 1022 de
1116 959 1237 1035 Puntif,
1263 979 1326 1042 que

176 1063 339 1147 quondam
351 1062 412 1125 suit
425 1063 548 1145 Regina
565 1060 758 1145 Hispannie,
774 1060 867 1123 matri
883 1060 968 1124 dicte
985 1060 1115 1144 Regino.

221 1166 347 1241 Postea,
357 1165 504 1248 proximo
515 1165 566 1227 die
576 1175 650 1226 autc
661 1164 779 1226 lestum
793 1162 904 1225 Sancti
917 1162 1039 1225 Botulli
1050 1163 1216 1246 elegerunt
1226 1160 1323 1224 Cives
1338 1184 1373 1231 oe
1394 1184 1481 1231 aaa„

175 1265 208 1328 in
233 1266 408 1330 Gildballia
433 1266 612 1329 Henricum
643 1265 672 1328 le
700 1263 832 1340 Waleis,
857 1262 1028 1341 Maiorem,
1060 1264 1253 1348 Gregorium
1284 1264 1323 1327 de
1336 1249 1542 1360 {fflzw'e'fffu

177 1369 327 1444 Rokesle,
342 1370 528 1434 Johannem
556 1370 660 1446 Horu,
676 1379 709 1431 et
724 1367 848 1430 Lucam
864 1366 904 1430 de
921 1366 1099 1430 Batencurt
1114 1366 1154 1428 ad
1171 1367 1323 1430 transire·
1442 1331 1468 1376 ῳ
1503 1351 1508 1362 ’

175 1472 309 1534 tandum
325 1472 365 1534 ad
382 1472 561 1535 Dominum
580 1472 711 1554 Regem,
728 1469 812 1532 sicut
827 1488 930 1551 nuper
945 1468 1152 1531 mandaverat
1164 1489 1221 1552 per
1236 1469 1321 1531 litte·

174 1595 225 1635 ras
246 1596 321 1636 suas
336 1574 369 1636 in
385 1573 447 1636 hoc
462 1572 544 1636 libro
561 1571 765 1656 prescriptas,
775 1569 830 1653 qui
844 1569 1050 1652 arripuerunt
1065 1569 1126 1632 iter
1141 1591 1236 1631 suum
1247 1591 1321 1632 cum

174 1675 296 1739 honore
311 1677 363 1739 die
379 1676 472 1738 Luna
488 1675 635 1759 proxima
651 1672 878 1755 subsequente.

217 1777 394 1860 Elegerunt
416 1776 513 1838 etiam
531 1774 742 1837 Willielmum
758 1773 798 1837 de
814 1773 991 1848 Dureham,
1008 1771 1193 1856 Philippum
1210 1772 1320 1836 Cissa·

173 1900 251 1956 rem,
267 1890 300 1942 et
326 1879 503 1942 Henricum
529 1879 569 1941 de
587 1877 726 1962 Fruwylr
749 1877 801 1940 die
821 1877 966 1960 predicto
982 1887 1056 1939 ante
1072 1876 1193 1939 festum
1210 1876 1320 1939 Sancti

173 1981 306 2059 Botulfi,
318 1994 356 2044 ut
366 1992 475 2045 essent
488 1980 652 2044 Custodes
665 1980 816 2043 Civitatis
828 1980 861 2042 in
874 1979 1020 2043 absentia
1032 1978 1179 2042 Maioris.
1209 1978 1319 2061 Assig·

172 2084 238 2146 nati
252 2094 359 2146 autem
373 2094 449 2144 sunt
460 2103 518 2166 per
530 2082 689 2144 Maiorem
704 2081 867 2144 Walterus
877 2081 907 2145 le
918 2082 1025 2158 Poter,
1039 2081 1154 2144 Petrus
1167 2079 1321 2158 Cusin,et

172 2183 335 2247 Robertus
351 2184 391 2246 de
408 2181 633 2258 bleldeburne,
648 2192 685 2244 ut
701 2181 734 2243 in
751 2181 905 2243 nundinis
922 2180 1032 2244 Sancti
1050 2180 1172 2243 Botulfi
1188 2180 1320 2244 audiant

171 2307 284 2350 omnes
306 2286 451 2371 querelas
475 2285 573 2348 lactas
590 2284 630 2347 de
656 2282 792 2346 Civibus
808 2281 940 2360 ibidem,
955 2296 988 2345 et
1003 2283 1073 2345 illas
1090 2284 1319 2360 terminandas,

170 2388 240 2451 sine
262 2389 367 2472 aliquo
391 2388 516 2450 Ballivo
539 2388 778 2462 Nundinarum,
801 2386 885 2448 sicut
908 2387 976 2449 Rea
1001 2384 1137 2448 Civibus
1159 2387 1318 2449 concessit

169 2488 257 2563 olim,
273 2489 403 2572 quando
427 2512 488 2572 pax
506 2491 678 2554 reformata
692 2488 756 2550 luit
779 2487 863 2549 inter
887 2487 976 2571 ipsos
999 2499 1076 2570 post
1099 2486 1315 2550 turbationem

169 2591 258 2671 regni
274 2589 417 2652 habitam
433 2601 578 2674 tempore
595 2589 729 2652 Domini
745 2587 888 2651 Simonis
904 2587 944 2650 de
961 2587 1164 2651 Monteiorti.

213 2692 339 2768 Postea,
360 2691 422 2775 ipsi
447 2691 544 2755 Cives
571 2714 589 2753 a
614 2691 666 2753 die
688 2712 752 2775 qua
771 2701 972 2754 recesserunt
997 2691 1029 2752 in
1052 2712 1153 2753 unum
1171 2713 1315 2755 mensem

168 2795 286 2857 reversi
303 2806 380 2856 sunt
394 2794 586 2869 Londoniis,
602 2792 736 2870 scilicet,
752 2801 822 2854 νιι0
838 2802 872 2853 x⁰
886 2791 1040 2855 kalendas
1055 2794 1205 2877 Augusti.

213 2897 340 2972 Postea,
354 2895 388 2957 in
404 2894 511 2979 vigilia
534 2895 651 2959 Sancte
670 2893 850 2976 Margaretc
867 2892 1044 2978 Gregorius
1071 2894 1111 2958 de
1128 2896 1267 2961 Rokesle
1282 2907 1316 2958 et

167 2998 296 3081 quidam
318 2997 371 3059 alii
388 2998 485 3074 cives,
502 2997 585 3060 sicut
600 2995 646 3060 eis
662 2995 724 3058 fuit
738 2996 921 3079 injunctum
936 3018 994 3080 per
1008 2997 1118 3081 ipsum
1135 2997 1314 3062 Dominum

169 3101 300 3182 Regem,
316 3101 450 3183 profecti
475 3110 552 3163 sunt
567 3120 679 3162 versus
703 3118 790 3160 mare
806 3097 847 3160 ad
862 3097 1065 3161 tractandum
1081 3098 1121 3162 de
1136 3121 1215 3183 pace
1231 3101 1314 3164 inter

166 3202 272 3284 ipsum
298 3202 419 3282 Regem
442 3210 476 3264 et
492 3199 701 3263 Comitissam
719 3199 869 3263 Flandrie
884 3200 925 3263 ad
942 3200 1065 3263 tardius
1081 3202 1166 3284 apud
1185 3202 1313 3265 Muste-

166 3302 237 3378 roil‚
249 3302 346 3365 tertio
362 3301 414 3364 die
429 3313 506 3385 post
521 3303 639 3364 festum
653 3301 771 3363 Sancte
788 3300 991 3384 Magdalene.

208 3410 221 3481 l
235 3403 307 3466 Hoc
323 3424 420 3479 anno,
432 3403 515 3464 inira
529 3413 604 3466 octo
619 3401 688 3465 dies
703 3412 779 3465 ante
791 3401 910 3465 festum
927 3403 1036 3467 Sancti
1048 3402 1208 3468 Jolrannis
1227 3405 1308 3491 Bap
1327 3409 1461 3457 ursam.

165 3506 252 3583 tiste,
267 3504 342 3589 quia
357 3503 464 3567 Maior
479 3514 557 3567 tuuc
572 3503 728 3587 temporis
743 3502 859 3566 eratin
875 3503 988 3567 itinere
1004 3527 1115 3569 versus
1131 3475 1355 3573 Dominums⁰·
1367 3476 1412 3520 ¹⁴³
1422 3484 1451 3522 ’θ’

166 3608 287 3691 Regem
311 3605 506 3668 existentem
522 3605 555 3668 iu
571 3603 717 3689 partibus
737 3603 972 3682 transmarinis,
989 3619 1195 3670 accesserunt
1217 3609 1310 3674 Vice-

163 3708 309 3786 comites,
324 3729 398 3772 cum
413 3707 607 3793 quibusdam
617 3707 764 3772 discretis
777 3705 853 3770 viris
865 3705 1026 3786 Civitatis,
1041 3731 1149 3774 coram
1163 3712 1310 3777 Consilio

164 3812 298 3876 Domini
326 3812 422 3897 Regis
446 3813 532 3896 apud
549 3809 897 3888 westmonasterium
920 3832 1002 3895 quos
1027 3812 1072 3876 illi
1097 3814 1136 3878 de
1153 3815 1311 3894 Consilio,

165 3938 271 3980 coram
287 3916 479 4001 quibusdam
492 3916 514 3980 J
518 3915 608 3978 udeis
629 3914 749 3978 ibidem
765 3912 982 3998 presentibus,
1005 3929 1185 4000 posuerunt
1199 3918 1240 3982 ad
1262 3942 1312 3982 ra·

164 4019 297 4099 tionem,
307 4021 352 4085 ita
364 4020 528 4095 dicentes3
551 4023 571 4055 “
584 4018 616 4081 N
619 4018 758 4082 otorium
771 4018 920 4102 estquod
933 4017 1032 4084 Judei
1043 4020 1152 4085 omnia
1163 4022 1312 4086 animalia
