3540 4830
471 489 729 535 vrcscourrusr
756 489 1043 535 nosnosrsauu.
1264 483 1322 540 141

177 646 234 710 sed
249 653 357 708 tamen
380 643 467 727 quod
491 641 626 726 quilibet
648 639 767 706 habeat
789 639 886 705 breve
914 641 1048 706 Domini
1075 643 1173 728 Regis
1199 645 1240 709 ad
1266 647 1330 713 hoc

178 747 414 831 exequendum.
460 745 547 829 lpsis
564 766 651 822 vero,
667 744 722 829 qui
738 754 816 808 sunt
831 744 871 807 de
881 753 1043 827 potestate
1060 745 1210 811 Flandrie
1225 769 1329 812 rema·

179 861 276 914 neant
291 859 324 912 et
340 847 406 910 sint
421 847 454 910 in
469 846 583 910 eodem
600 856 698 924 statu,
725 846 809 910 sicut
832 845 1000 930 provisum
1025 847 1087 910 luit
1110 859 1186 932 post
1209 850 1329 914 festum

178 952 367 1037 preteritum
384 950 501 1014 Sancte
515 947 693 1025 Trinitatis,
709 948 840 1026 scilicet,
857 949 941 1013 sicut
955 951 1139 1016 continetur
1154 953 1186 1016 in
1214 954 1329 1018 litteris

180 1055 313 1119 Domini
330 1053 438 1136 Regis,
447 1073 509 1136 que
525 1051 643 1134 scripte
660 1060 736 1112 sunt
752 1051 784 1112 in
800 1050 877 1113 lolio
890 1053 1085 1134 precedenti,
1097 1054 1154 1118 ubi
1169 1056 1330 1120 inveneris

179 1158 275 1222 talem
291 1157 437 1241 figuram.
492 1152 634 1238 Require
655 1152 689 1216 in
704 1152 768 1216 fine
783 1152 881 1236 hujus
904 1153 977 1218 libri
1003 1166 1124 1220 statuta
1147 1168 1181 1222 et
1203 1158 1329 1237 Judeis,

179 1280 242 1343 que
257 1259 341 1321 facta
355 1257 486 1319 luerunt
500 1253 563 1317 hoc
578 1275 675 1330 armo,
691 1275 802 1317 mense
816 1253 838 1318 J
841 1253 919 1318 unii.

225 1362 299 1425 lloc
311 1383 395 1424 anno
407 1358 488 1423 obiit
496 1358 518 1423 J
520 1357 677 1436 ohannes,
688 1357 921 1443 primogenitus
933 1359 1068 1423 Domini
1079 1360 1241 1440 Edwardi,
1251 1384 1332 1448 puer

180 1474 265 1529 etate
285 1465 426 1548 quinque
450 1483 609 1525 annorum
636 1471 670 1525 et
696 1482 761 1524 non
788 1460 883 1545 plene
909 1472 1048 1545 quatuor
1066 1463 1330 1547 septimanarum.

182 1567 285 1651 Cujus
303 1587 420 1649 corpus
442 1564 476 1627 in
500 1563 645 1627 Ecclesia
667 1562 961 1640 westmonasterii,
976 1584 1016 1627 ex
1031 1566 1183 1649 opposito
1200 1566 1331 1630 basilice

181 1666 290 1730 Sancti
306 1664 456 1729 Edwardi
472 1664 505 1728 in
521 1673 611 1748 parte
632 1663 805 1748 aquilonali
821 1664 933 1728 datum
949 1674 999 1728 est
1015 1664 1179 1750 sepulture
1195 1667 1264 1751 viij⁰
1279 1668 1331 1732 die

182 1767 302 1830 niensis
317 1765 467 1848 Augusti.

226 1868 300 1930 Hoc
314 1887 411 1943 anno,
425 1866 459 1929 in
475 1863 592 1949 Vigilia
614 1865 724 1930 Sancti
748 1865 981 1944 Bartholomei,
1004 1878 1163 1931 venerunt
1186 1891 1330 1934 rumores

182 1969 361 2034 Londoniis
390 1969 564 2033 literatorie
594 1990 652 2054 per
682 1968 862 2033 Dominum
892 1968 1100 2049 Edwardum,
1140 1971 1227 2055 quod
1260 1973 1331 2056 ipse

182 2093 293 2135 mense
309 2071 389 2135 Maii
405 2070 602 2155 precedenti,
616 2093 691 2135 cum
706 2091 806 2134 uxore
822 2082 928 2135 suaet
943 2072 1033 2135 omni
1047 2073 1211 2151 comitisa,
1232 2096 1331 2137 sanus

183 2184 216 2237 et
230 2174 425 2237 incholumis
441 2173 599 2257 applicuit
613 2173 647 2234 in
663 2172 795 2235 Terram
813 2172 965 2237 Sanctam
980 2174 1067 2259 apud
1082 2176 1186 2239 Acon.

227 2277 489 2353 Memorandum,
513 2274 599 2358 quod
619 2296 693 2338 cum
719 2283 795 2357 post
816 2275 954 2357 prelium
978 2277 1018 2340 de
1041 2277 1215 2355 Evesham,
1231 2276 1328 2341 Cives
1341 2297 1530 2358 &pamm

183 2378 426 2441 Londoniarum
442 2385 686 2461 supposuerunt
700 2397 735 2438 se
750 2376 910 2440 voluntati
935 2378 1069 2441 Domini
1085 2378 1183 2462 Regis
1199 2378 1239 2442 de
1263 2379 1330 2442 vita
1341 2362 1476 2412 mn*

182 2490 216 2544 et
239 2479 393 2561 membris
418 2492 452 2544 et
477 2478 629 2543 omnibus
657 2477 753 2542 bonis
780 2477 954 2543 mobilibus
978 2489 1011 2544 et
1034 2478 1255 2544 immobilibus
1271 2503 1330 2567 pro

183 2580 491 2667 transgressionibus
506 2581 553 2645 eis
568 2580 730 2665 impositis
746 2591 780 2645 et
794 2603 852 2667 per
867 2583 992 2667 aliquos
1008 2583 1153 2668 ipsorum
1171 2583 1282 2663 lactis3
1297 2593 1332 2648 et

185 2686 347 2749 Dominus
357 2685 428 2749 Rex
443 2683 530 2769 cepit
545 2683 719 2747 Civitatem
735 2683 768 2747 in
782 2706 897 2747 manus
909 2695 1029 2749 suaset
1041 2686 1151 2769 posuit
1165 2685 1210 2749 ibi
1222 2696 1332 2750 custo·

183 2787 241 2850 des
263 2809 322 2871 pro
340 2787 508 2850 voluntate
534 2808 603 2862 sua,
623 2785 710 2870 quod
726 2796 805 2849 tunc
830 2786 987 2870 temporis
1002 2786 1073 2873 ipse
1088 2788 1250 2853 concessit
1265 2789 1331 2855 Re·

182 2889 256 2973 gine
272 2910 329 2952 sue
345 2888 526 2953 custodiam
544 2889 655 2953 Pontia
680 2888 923 2953 Londoniarum
939 2910 1001 2973 que
1021 2889 1127 2975 ipsam
1150 2892 1331 2957 custodiam

183 2991 289 3054 tenuit
303 2991 335 3054 in
353 3014 468 3055 manus
495 3015 570 3056 suas
591 2993 730 3078 fereper
753 3014 811 3056 sex
826 3013 940 3071 annos,
955 3002 989 3056 et
1006 2995 1123 3058 amotis
1140 2995 1332 3059 custodibus

185 3094 326 3168 Civium,
341 3095 463 3157 ibidem
484 3096 595 3182 posuit
609 3094 654 3159 ibi
669 3095 823 3159 custodes
838 3116 897 3178 pro
908 3095 1077 3160 voluntate
1091 3103 1105 3176 l
1120 3120 1188 3175 sua,
1204 3097 1259 3180 qui
1275 3118 1332 3182 per
1337 3127 1375 3186 s,
1384 3124 1432 3174 128
1443 3131 1476 3172 φ,

184 3207 289 3258 totum
305 3197 486 3279 predictum
498 3208 628 3282 tempus
643 3197 834 3281 colligerunt
849 3218 963 3260 ornnes
978 3197 1087 3262 exitus
1099 3199 1283 3263 reddituum
1299 3208 1333 3264 et

183 3307 339 3360 terrarum
366 3297 508 3379 predicte
533 3296 654 3382 pontis,
678 3296 751 3359 illos
778 3296 888 3360 nescio
905 3295 946 3358 in
969 3297 1080 3381 quales
1096 3320 1175 3361 usus
1198 3319 1332 3362 conver·

183 3396 1052 3482 tendo,sedtamennullamemendationeminpredicto
1063 3399 1333 3483 ponteponendo.

184 3500 329 3563 'l'andcm
353 3522 427 3563 cum
453 3498 598 3584 predicta
613 3496 737 3580 Regina
751 3517 810 3581 pro
831 3505 918 3560 certo
934 3496 1158 3576 intellexisset,
1174 3499 1260 3583 quod
1275 3520 1333 3584 per

183 3604 246 3667 hoc
266 3625 418 3687 magnum
445 3603 621 3687 dampnum
645 3610 678 3663 et
693 3599 870 3683 periculum
886 3598 973 3662 dicto
993 3600 1087 3683 ponti
1113 3601 1332 3686 contingebat,

183 3707 254 3791 ipsa
269 3706 387 3768 dictam
404 3705 585 3769 custodiam
601 3702 736 3767 Civibus
761 3701 944 3786 resignavit
989 3702 1066 3781 Qui,
1092 3702 1155 3767 hoc
1176 3726 1273 3782 anno,
1298 3705 1332 3769 in

184 3810 268 3873 festo
285 3808 394 3872 Sancti
410 3806 517 3892 Egidii
528 3805 693 3889 elegerunt
708 3805 790 3868 duos
805 3805 892 3868 viros
907 3804 948 3868 ad
960 3803 1051 3868 illum
1073 3817 1207 3890 pontem
1222 3817 1332 3873 custo·

186 3910 351 3988 diendum,
368 3910 452 3974 sicut
467 3920 542 3973 ante
554 3907 690 3993 prelium
703 3906 743 3970 de
758 3905 923 3970 Evesham
938 3905 1065 3970 solebat
1079 3907 1245 3971 custodiri.

231 4016 347 4077 Postea
361 4011 504 4097 predicta
519 4010 652 4095 Regina,
666 4007 749 4072 inira
758 4008 942 4092 quindecim
954 4009 1023 4074 dies
1033 4010 1183 4095 proximo
1196 4033 1333 4097 sequen-

185 4126 245 4196 tes,
261 4117 370 4182 nescio
382 4137 519 4202 quorum
532 4111 667 4180 consilio
682 4113 724 4178 de
740 4111 884 4198 predicta
899 4113 1114 4198 resignatione
1130 4137 1165 4180 se
1180 4115 1334 4200 penituit,
