3540 4830
497 480 754 524 vrcccoumun
780 476 1066 522 nonnonrsnuu.
1307 464 1346 521 21

200 636 290 699 illum
307 634 460 720 predictis
478 631 671 707 Batonibus,
693 630 748 715 qui
772 629 947 693 noluerunt
972 629 1064 693 illum
1088 628 1259 695 admittere
1282 629 1351 695 sine

200 738 297 802 breve
313 737 447 801 Domini
464 736 572 819 Regis,
587 735 732 799 dicentes
747 733 834 817 quod
859 732 967 796 Maior
982 753 1068 795 anno
1083 732 1270 817 precedenti
1285 755 1352 797 non

200 842 262 904 tuit
273 840 434 903 admissus
450 839 573 902 ratione
590 837 733 922 predicte
749 857 833 900 nove
848 846 945 913 carte,
961 838 1018 900 sed
1033 858 1092 920 per
1103 857 1272 899 assensum
1284 835 1353 899 Do-

202 944 288 1006 mine
305 942 438 1025 Reginc,
454 963 516 1024 que
531 950 610 1004 tunc
625 940 688 1003 fuit
702 940 788 1024 apud
802 939 1142 1017 westmonasterium,
1154 939 1206 1003 cui
1218 959 1352 1024 regnum

202 1046 263 1108 fuit
278 1044 488 1108 commissum
504 1043 544 1106 ad
560 1042 821 1107 custodiendum.
867 1042 911 1105 Et
937 1041 1047 1105 statim
1071 1052 1186 1127 postea
1211 1043 1354 1107 Berones

202 1148 416 1212 ostenderunt
430 1145 528 1210 breve
544 1144 679 1210 Domini
692 1144 801 1228 Regis,
817 1165 874 1227 per
889 1144 976 1228 quod
989 1155 1177 1230 preceptum
1189 1156 1242 1210 est
1256 1145 1303 1209 eis
1318 1154 1355 1209 ut

203 1263 355 1336 caperent
371 1249 545 1314 Civitatem
561 1249 595 1312 in
611 1270 726 1311 manus
743 1247 841 1331 Regis
857 1268 915 1330 pro
942 1248 1043 1311 assisa
1066 1249 1159 1332 panis
1175 1261 1209 1312 et
1223 1248 1355 1312 cervisie

203 1356 237 1418 in
254 1353 394 1418 Ciuitate
409 1375 474 1417 non
491 1353 672 1417 observata.
707 1351 753 1414 Et
768 1351 842 1414 licet
859 1349 956 1413 Cives
973 1372 1030 1434 pro
1042 1350 1139 1434 hujus
1155 1351 1274 1415 defalta
1288 1372 1356 1414 non

204 1456 395 1521 debuissent
421 1456 629 1533 occasionari,
652 1454 709 1517 sed
731 1452 947 1516 Vicccomites
973 1453 1214 1531 tantummode,
1229 1454 1258 1516 si
1280 1454 1356 1518 inde

204 1561 343 1624 fuissent
363 1559 521 1636 convicti;
548 1569 655 1621 tamen
679 1568 773 1641 capta
791 1568 842 1619 est
864 1554 988 1619 Civitas
1012 1555 1044 1617 in
1067 1578 1183 1619 manus
1199 1557 1308 1641 Regis,
1323 1567 1358 1621 et

205 1664 323 1726 tradita
348 1662 491 1727 Johanni
516 1662 557 1724 de
580 1660 726 1745 Gyseorz
756 1659 796 1721 ad
823 1656 1080 1734 custodiendam,
1109 1656 1181 1739 ipso
1204 1657 1357 1723 Johanne

204 1767 312 1849 jurato
336 1786 443 1827 coram
471 1762 662 1825 Batonibus.
709 1762 826 1825 Postea
852 1761 957 1825 clerici
986 1769 1021 1823 et
1044 1780 1157 1822 omnes
1179 1760 1357 1825 servientes

208 1868 457 1942 Vicecomitum,
469 1876 502 1929 et
516 1865 613 1929 etiam
629 1863 781 1928 custodes
794 1864 975 1940 Portarum,
986 1862 1137 1942 Tamisie‚
1148 1874 1182 1927 et
1194 1864 1297 1928 Gaole
1313 1864 1358 1928 ibi

204 1971 405 2054 juraverunt.
445 1969 490 2032 Et
500 1969 562 2031 hoc
578 1977 684 2030 totum
707 1967 910 2051 perlocutum
934 1965 996 2029 fuit
1018 1966 1051 2028 in
1077 1967 1223 2051 predicto
1241 1968 1359 2031 Pariis·

208 2084 329 2151 mento,
360 2071 435 2156 quia
464 2070 572 2148 Cives,
596 2070 629 2133 in
656 2092 691 2134 se
717 2070 823 2147 divisi,
849 2070 1023 2133 noluerunt
1047 2069 1156 2134 venire
1180 2070 1226 2133 ibi
1250 2092 1358 2135 coram

210 2174 371 2239 Comitem
389 2174 574 2252 Ricardum,
590 2173 675 2237 sicut
689 2173 719 2236 ei
735 2173 962 2257 promiserunt,
978 2172 1018 2235 ad
1034 2173 1273 2237 terminandum
1285 2174 1358 2252 hoc,

208 2280 296 2343 unde
311 2279 373 2363 ipsi
389 2300 463 2341 eum
480 2277 669 2341 multotiens
685 2286 759 2339 ante
769 2287 971 2359 rogaverant,
983 2276 1115 2353 scilicet,
1127 2275 1168 2339 de
1179 2276 1357 2340 excambio.

212 2383 339 2459 Postea,
362 2381 448 2445 cives
464 2390 668 2443 accesserunt
683 2379 723 2442 ad
740 2377 904 2442 Comitem
920 2378 960 2441 ad
977 2378 1211 2464 impetrandam
1223 2379 1357 2463 gratiam

210 2505 313 2559 suam,
329 2482 446 2566 quibus
462 2481 532 2565 ipse
547 2483 658 2566 posuit
672 2483 757 2546 diem
782 2481 868 2565 apud
887 2481 1086 2560 Londonias,
1105 2481 1216 2545 dicens
1241 2482 1360 2566 “quod

211 2586 291 2650 nihil
307 2586 382 2649 inde
398 2585 517 2648 iaceret
540 2585 609 2649 sine
635 2585 770 2649 consilio
795 2585 904 2668 Regis,
926 2585 977 2648 cui
1001 2584 1157 2648 medietas
1179 2585 1288 2649 exitus
1303 2607 1361 2649 ex·

211 2688 327 2753 cambii
343 2686 557 2772 pertinebat.''
604 2689 730 2766 Postea,
747 2688 841 2751 tertia
853 2687 905 2751 die
920 2698 997 2772 post
1012 2688 1130 2752 festum
1148 2688 1258 2752 Sancti
1274 2689 1361 2753 Ead-

211 2791 324 2853 mundi
346 2789 602 2874 Archiepiscopi,
630 2789 727 2854 Cives
749 2791 895 2854 fecerunt
914 2791 1013 2855 finem
1034 2793 1120 2874 apud
1136 2791 1361 2856 Westmonas-

210 2894 327 2958 terium
357 2913 469 2956 versus
500 2893 680 2976 predictum
711 2894 886 2972 Comitem,
916 2916 1024 2958 coram
1054 2895 1189 2959 consilio
1226 2895 1361 2959 Domini

211 2997 308 3080 Regis
324 3018 383 3079 pro
399 2994 472 3059 DC.
488 2996 621 3075 marcis3
645 3007 678 3061 et
700 2997 832 3061 remisse
856 3007 933 3060 sunt
956 3019 1070 3062 omnes
1095 2998 1280 3063 occasiones
1306 3013 1541 3062 ers-Resuoesusr

211 3099 338 3178 cambii,
354 3110 387 3163 et
403 3101 511 3164 Maior
531 3111 563 3163 et
583 3100 799 3164 Vicccomites
822 3100 855 3163 in
885 3098 1009 3163 Balliva
1031 3123 1090 3163 sua
1113 3111 1190 3165 sunt
1209 3101 1362 3165 restituti.
1374 3079 1553 3192 {ww

213 3203 288 3265 Hoc
308 3225 393 3264 anno
419 3203 514 3266 rediit
539 3203 701 3266 Dominus
726 3203 795 3266 Rex
820 3202 861 3265 de
884 3201 1071 3281 Wasconia,
1093 3214 1126 3266 et
1151 3204 1285 3268 veniens
1305 3226 1364 3288 per

211 3304 349 3366 mediam
367 3304 535 3367 Franciam
552 3306 584 3367 in
600 3305 763 3368 conductu
780 3303 877 3387 Regis
894 3304 1038 3382 Francie,
1053 3306 1164 3388 posuit
1176 3327 1211 3369 se
1226 3307 1259 3368 in
1276 3327 1363 3370 mare

212 3405 296 3489 apud
313 3405 479 3490 Wytsant,
496 3416 529 3469 et
544 3405 700 3489 applicuit
721 3405 761 3467 ad
785 3405 961 3469 Doveriam
984 3407 1017 3468 in
1042 3407 1222 3490 septimana
1238 3408 1364 3471 Natalis

213 3507 358 3584 Domini,
381 3507 514 3584 scilicet,
540 3508 592 3570 die
617 3507 727 3569 Sancti
747 3507 929 3585 Johannis3
953 3517 987 3570 et
1013 3508 1137 3591 Regina
1162 3519 1241 3573 tunc
1264 3510 1365 3589 venit,

213 3607 357 3672 Domino
381 3607 540 3670 Edwardo
567 3607 632 3670 filio
658 3609 756 3691 Regis
783 3631 907 3671 moram
934 3610 1069 3674 faciente
1095 3611 1129 3674 in
1156 3611 1364 3677 Wasconiam

212 3734 285 3775 cum
300 3732 408 3773 sorore
421 3711 518 3794 Regis
534 3711 837 3795 Hyspannie,quam
846 3713 915 3794 jam
931 3713 1176 3797 disponsaverat
1185 3740 1194 3793 ;
1210 3716 1261 3779 cui
1273 3726 1365 3801 pater

213 3839 291 3880 suus
311 3814 444 3877 dederat
455 3813 673 3892 Wasconiam,
688 3814 900 3899 Hybemiam,
916 3814 1116 3880 Comitatum
1129 3818 1265 3897 Cestrie,
1279 3818 1367 3883 Bris-

213 3920 335 3984 tolliam
352 3942 426 3981 cum
449 3929 565 3993 castro,
589 3917 776 3996 Stauuford,
803 3930 836 3981 et
860 3918 1011 4003 quicquid
1032 3919 1146 3985 habuit
1166 3922 1199 3985 in
1220 3921 1367 4006 partibus

214 4023 340 4087 tt'allie.
385 4023 512 4097 Postea,
543 4022 684 4085 secunda
710 4022 762 4086 die
788 4032 863 4086 ante
880 4023 1107 4106 Epiphaniam,
1134 4025 1268 4089 veniens
1295 4026 1366 4090 Rex
