<?xml version="1.0" encoding="UTF-8"?>
<!DOCTYPE html PUBLIC "-//W3C//DTD XHTML 1.0 Transitional//EN"
    "http://www.w3.org/TR/xhtml1/DTD/xhtml1-transitional.dtd">
<html xmlns="http://www.w3.org/1999/xhtml" xml:lang="en" lang="en">
 <head>
  <title>
</title>
<meta http-equiv="Content-Type" content="text/html;charset=utf-8" />
  <meta name='ocr-system' content='tesseract 3.04.00' />
  <meta name='ocr-capabilities' content='ocr_page ocr_carea ocr_par ocr_line ocrx_word'/>
</head>
<body>
  <div class='ocr_page' id='page_1' title='image "./deantiquislegib01fitzgoog_0300.png"; bbox 0 0 3540 4830; ppageno 0'>
   <div class='ocr_carea' id='block_1_1' title="bbox 491 482 1348 555">
    <p class='ocr_par' dir='ltr' id='par_1_1' title="bbox 491 482 1348 555">
     <span class='ocr_line' id='line_1_1' title="bbox 491 482 1348 555; baseline 0.002 -15"><span class='ocrx_word' id='word_1_1' title='bbox 491 495 748 540; x_wconf 83' lang='lat' dir='ltr'><strong>vrcscorrrruss</strong></span> <span class='ocrx_word' id='word_1_2' title='bbox 774 495 1062 541; x_wconf 73' lang='lat' dir='ltr'><strong>nosnosmnurs.</strong></span> <span class='ocrx_word' id='word_1_3' title='bbox 1307 482 1348 555; x_wconf 73' lang='lat'><strong>27</strong></span> 
     </span>
    </p>
   </div>
   <div class='ocr_carea' id='block_1_2' title="bbox 175 644 1350 4097">
    <p class='ocr_par' dir='ltr' id='par_1_2' title="bbox 175 644 1350 4097">
     <span class='ocr_line' id='line_1_2' title="bbox 198 644 1349 733; baseline 0.006 -25"><span class='ocrx_word' id='word_1_4' title='bbox 198 644 294 723; x_wconf 84' lang='lat' dir='ltr'><strong>Sane,</strong></span> <span class='ocrx_word' id='word_1_5' title='bbox 309 654 348 710; x_wconf 92' lang='lat' dir='ltr'><strong>ut</strong></span> <span class='ocrx_word' id='word_1_6' title='bbox 361 647 456 732; x_wconf 89' lang='lat' dir='ltr'><strong>plena</strong></span> <span class='ocrx_word' id='word_1_7' title='bbox 471 647 615 711; x_wconf 89' lang='lat' dir='ltr'><strong>omnium</strong></span> <span class='ocrx_word' id='word_1_8' title='bbox 632 658 817 712; x_wconf 88' lang='lat' dir='ltr'><strong>nostrorum</strong></span> <span class='ocrx_word' id='word_1_9' title='bbox 828 647 968 713; x_wconf 86' lang='lat' dir='ltr'><strong>latorum</strong></span> <span class='ocrx_word' id='word_1_10' title='bbox 978 656 1166 726; x_wconf 75' lang='lat' dir='ltr'>eventuum,</span> <span class='ocrx_word' id='word_1_11' title='bbox 1175 648 1231 733; x_wconf 91' lang='lat' dir='ltr'><strong>qui</strong></span> <span class='ocrx_word' id='word_1_12' title='bbox 1243 648 1349 730; x_wconf 89' lang='lat' dir='ltr'><strong>nobis,</strong></span> 
     </span>
     <span class='ocr_line' id='line_1_3' title="bbox 198 748 1350 832; baseline 0.005 -23"><span class='ocrx_word' id='word_1_13' title='bbox 198 757 372 832; x_wconf 80' lang='lat' dir='ltr'><strong>postquam</strong></span> <span class='ocrx_word' id='word_1_14' title='bbox 388 771 407 812; x_wconf 92' lang='lat' dir='ltr'><strong>a</strong></span> <span class='ocrx_word' id='word_1_15' title='bbox 421 748 516 813; x_wconf 85' lang='lat' dir='ltr'><strong>vobis</strong></span> <span class='ocrx_word' id='word_1_16' title='bbox 531 749 735 827; x_wconf 76' lang='lat' dir='ltr'>recessimus,</span> <span class='ocrx_word' id='word_1_17' title='bbox 744 750 942 828; x_wconf 89' lang='lat' dir='ltr'><strong>acciderunt,</strong></span> <span class='ocrx_word' id='word_1_18' title='bbox 953 759 987 813; x_wconf 90' lang='lat' dir='ltr'><strong>et</strong></span> <span class='ocrx_word' id='word_1_19' title='bbox 1007 760 1094 814; x_wconf 88' lang='lat' dir='ltr'><strong>certa</strong></span> <span class='ocrx_word' id='word_1_20' title='bbox 1108 750 1149 813; x_wconf 89' lang='lat' dir='ltr'><strong>ad</strong></span> <span class='ocrx_word' id='word_1_21' title='bbox 1158 772 1217 815; x_wconf 85' lang='lat' dir='ltr'><strong>ros</strong></span> <span class='ocrx_word' id='word_1_22' title='bbox 1232 752 1350 817; x_wconf 90' lang='lat' dir='ltr'><strong>notitia</strong></span> 
     </span>
     <span class='ocr_line' id='line_1_4' title="bbox 197 851 1349 936; baseline 0.003 -22"><span class='ocrx_word' id='word_1_23' title='bbox 197 851 386 934; x_wconf 82' lang='lat' dir='ltr'><strong>perferatur,</strong></span> <span class='ocrx_word' id='word_1_24' title='bbox 401 862 584 936; x_wconf 80' lang='lat' dir='ltr'><strong>presentem</strong></span> <span class='ocrx_word' id='word_1_25' title='bbox 600 852 749 936; x_wconf 88' lang='lat' dir='ltr'><strong>paginam</strong></span> <span class='ocrx_word' id='word_1_26' title='bbox 774 852 992 936; x_wconf 91' lang='lat' dir='ltr'><strong>predictorum</strong></span> <span class='ocrx_word' id='word_1_27' title='bbox 1019 864 1194 918; x_wconf 82' lang='lat' dir='ltr'><strong>eventuum</strong></span> <span class='ocrx_word' id='word_1_28' title='bbox 1210 855 1349 919; x_wconf 90' lang='lat' dir='ltr'><strong>ostensi·</strong></span> 
     </span>
     <span class='ocr_line' id='line_1_5' title="bbox 196 952 1349 1040; baseline 0.005 -26"><span class='ocrx_word' id='word_1_29' title='bbox 196 973 282 1028; x_wconf 85' lang='lat' dir='ltr'><strong>vam,</strong></span> <span class='ocrx_word' id='word_1_30' title='bbox 297 953 338 1017; x_wconf 91' lang='lat' dir='ltr'><strong>ad</strong></span> <span class='ocrx_word' id='word_1_31' title='bbox 360 975 420 1016; x_wconf 85' lang='lat' dir='ltr'><strong>vos</strong></span> <span class='ocrx_word' id='word_1_32' title='bbox 444 953 597 1016; x_wconf 85' lang='lat' dir='ltr'><strong>duximus</strong></span> <span class='ocrx_word' id='word_1_33' title='bbox 621 952 857 1018; x_wconf 87' lang='lat' dir='ltr'><strong>destinandam.</strong></span> <span class='ocrx_word' id='word_1_34' title='bbox 901 953 1005 1017; x_wconf 80' lang='lat' dir='ltr'>Vobis</span> <span class='ocrx_word' id='word_1_35' title='bbox 1027 954 1069 1018; x_wconf 92' lang='lat' dir='ltr'><strong>ad</strong></span> <span class='ocrx_word' id='word_1_36' title='bbox 1095 954 1249 1040; x_wconf 88' lang='lat' dir='ltr'><strong>gaudium</strong></span> <span class='ocrx_word' id='word_1_37' title='bbox 1272 957 1349 1020; x_wconf 91' lang='lat' dir='ltr'><strong>inti·</strong></span> 
     </span>
     <span class='ocr_line' id='line_1_6' title="bbox 196 1054 1348 1140; baseline 0.006 -24"><span class='ocrx_word' id='word_1_38' title='bbox 196 1064 334 1133; x_wconf 87' lang='lat' dir='ltr'><strong>mantes,</strong></span> <span class='ocrx_word' id='word_1_39' title='bbox 347 1054 434 1140; x_wconf 89' lang='lat' dir='ltr'><strong>quod</strong></span> <span class='ocrx_word' id='word_1_40' title='bbox 449 1055 483 1118; x_wconf 94' lang='lat' dir='ltr'><strong>in</strong></span> <span class='ocrx_word' id='word_1_41' title='bbox 498 1054 550 1118; x_wconf 93' lang='lat' dir='ltr'><strong>die</strong></span> <span class='ocrx_word' id='word_1_42' title='bbox 562 1054 735 1118; x_wconf 84' lang='lat' dir='ltr'><strong>Dominica</strong></span> <span class='ocrx_word' id='word_1_43' title='bbox 749 1055 899 1139; x_wconf 85' lang='lat' dir='ltr'><strong>proximo</strong></span> <span class='ocrx_word' id='word_1_44' title='bbox 913 1066 990 1140; x_wconf 88' lang='lat' dir='ltr'><strong>post</strong></span> <span class='ocrx_word' id='word_1_45' title='bbox 1004 1057 1124 1122; x_wconf 80' lang='lat' dir='ltr'><strong>festum</strong></span> <span class='ocrx_word' id='word_1_46' title='bbox 1139 1055 1227 1121; x_wconf 89' lang='lat' dir='ltr'><strong>beati</strong></span> <span class='ocrx_word' id='word_1_47' title='bbox 1242 1058 1348 1123; x_wconf 88' lang='lat' dir='ltr'><strong>Marci</strong></span> 
     </span>
     <span class='ocr_line' id='line_1_7' title="bbox 197 1155 1347 1242; baseline 0.007 -24"><span class='ocrx_word' id='word_1_48' title='bbox 197 1155 406 1242; x_wconf 85' lang='lat' dir='ltr'><strong>Evangeliste</strong></span> <span class='ocrx_word' id='word_1_49' title='bbox 429 1157 517 1242; x_wconf 92' lang='lat' dir='ltr'><strong>apud</strong></span> <span class='ocrx_word' id='word_1_50' title='bbox 540 1157 717 1222; x_wconf 88' lang='lat' dir='ltr'><strong>Jememue</strong></span> <span class='ocrx_word' id='word_1_51' title='bbox 740 1178 856 1220; x_wconf 80' lang='lat' dir='ltr'><strong>narem</strong></span> <span class='ocrx_word' id='word_1_52' title='bbox 880 1180 955 1222; x_wconf 89' lang='lat' dir='ltr'><strong>curn</strong></span> <span class='ocrx_word' id='word_1_53' title='bbox 986 1167 1098 1223; x_wconf 89' lang='lat' dir='ltr'><strong>nostra</strong></span> <span class='ocrx_word' id='word_1_54' title='bbox 1121 1161 1347 1226; x_wconf 89' lang='lat' dir='ltr'><strong>conscenderi-</strong></span> 
     </span>
     <span class='ocr_line' id='line_1_8' title="bbox 196 1259 1346 1346; baseline 0.005 -24"><span class='ocrx_word' id='word_1_55' title='bbox 196 1280 269 1322; x_wconf 92' lang='lat' dir='ltr'><strong>mus</strong></span> <span class='ocrx_word' id='word_1_56' title='bbox 295 1260 458 1324; x_wconf 84' lang='lat' dir='ltr'><strong>comitiva.</strong></span> <span class='ocrx_word' id='word_1_57' title='bbox 503 1259 566 1323; x_wconf 91' lang='lat' dir='ltr'><strong>Die</strong></span> <span class='ocrx_word' id='word_1_58' title='bbox 590 1259 708 1323; x_wconf 88' lang='lat' dir='ltr'><strong>Martis</strong></span> <span class='ocrx_word' id='word_1_59' title='bbox 731 1259 880 1344; x_wconf 83' lang='lat' dir='ltr'><strong>proximo</strong></span> <span class='ocrx_word' id='word_1_60' title='bbox 901 1259 1123 1346; x_wconf 74' lang='lat' dir='ltr'><strong>subsequenti,</strong></span> <span class='ocrx_word' id='word_1_61' title='bbox 1137 1261 1172 1325; x_wconf 92' lang='lat' dir='ltr'><strong>in</strong></span> <span class='ocrx_word' id='word_1_62' title='bbox 1187 1262 1239 1327; x_wconf 89' lang='lat' dir='ltr'><strong>die</strong></span> <span class='ocrx_word' id='word_1_63' title='bbox 1254 1263 1346 1328; x_wconf 90' lang='lat' dir='ltr'><strong>vide-</strong></span> 
     </span>
     <span class='ocr_line' id='line_1_9' title="bbox 193 1361 1346 1449; baseline 0.005 -25"><span class='ocrx_word' id='word_1_64' title='bbox 193 1361 269 1425; x_wconf 90' lang='lat' dir='ltr'><strong>licet</strong></span> <span class='ocrx_word' id='word_1_65' title='bbox 291 1361 459 1427; x_wconf 86' lang='lat' dir='ltr'><strong>beatorum</strong></span> <span class='ocrx_word' id='word_1_66' title='bbox 485 1362 717 1446; x_wconf 83' lang='lat' dir='ltr'><strong>Apostolorum</strong></span> <span class='ocrx_word' id='word_1_67' title='bbox 744 1361 885 1447; x_wconf 89' lang='lat' dir='ltr'><strong>Philippi</strong></span> <span class='ocrx_word' id='word_1_68' title='bbox 899 1372 933 1427; x_wconf 90' lang='lat' dir='ltr'><strong>et</strong></span> <span class='ocrx_word' id='word_1_69' title='bbox 955 1363 1082 1441; x_wconf 92' lang='lat' dir='ltr'><strong>Jacobi,</strong></span> <span class='ocrx_word' id='word_1_70' title='bbox 1097 1365 1194 1429; x_wconf 83' lang='lat' dir='ltr'><strong>salvis</strong></span> <span class='ocrx_word' id='word_1_71' title='bbox 1211 1388 1267 1449; x_wconf 91' lang='lat' dir='ltr'><strong>per</strong></span> <span class='ocrx_word' id='word_1_72' title='bbox 1282 1366 1346 1430; x_wconf 90' lang='lat' dir='ltr'><strong>Dei</strong></span> 
     </span>
     <span class='ocr_line' id='line_1_10' title="bbox 192 1462 1345 1547; baseline 0.005 -21"><span class='ocrx_word' id='word_1_73' title='bbox 192 1464 327 1547; x_wconf 88' lang='lat' dir='ltr'><strong>gratiam</strong></span> <span class='ocrx_word' id='word_1_74' title='bbox 343 1463 495 1528; x_wconf 88' lang='lat' dir='ltr'><strong>omnibus</strong></span> <span class='ocrx_word' id='word_1_75' title='bbox 507 1473 539 1527; x_wconf 90' lang='lat' dir='ltr'><strong>et</strong></span> <span class='ocrx_word' id='word_1_76' title='bbox 554 1462 674 1526; x_wconf 89' lang='lat' dir='ltr'><strong>nostris</strong></span> <span class='ocrx_word' id='word_1_77' title='bbox 690 1473 724 1527; x_wconf 91' lang='lat' dir='ltr'><strong>et</strong></span> <span class='ocrx_word' id='word_1_78' title='bbox 738 1463 839 1526; x_wconf 90' lang='lat' dir='ltr'><strong>totius</strong></span> <span class='ocrx_word' id='word_1_79' title='bbox 854 1473 965 1530; x_wconf 87' lang='lat' dir='ltr'><strong>nostra</strong></span> <span class='ocrx_word' id='word_1_80' title='bbox 979 1465 1099 1530; x_wconf 78' lang='lat' dir='ltr'><strong>familie</strong></span> <span class='ocrx_word' id='word_1_81' title='bbox 1125 1487 1162 1529; x_wconf 92' lang='lat' dir='ltr'><strong>ac</strong></span> <span class='ocrx_word' id='word_1_82' title='bbox 1177 1466 1274 1530; x_wconf 88' lang='lat' dir='ltr'><strong>etiam</strong></span> <span class='ocrx_word' id='word_1_83' title='bbox 1290 1489 1345 1532; x_wconf 91' lang='lat' dir='ltr'><strong>co·</strong></span> 
     </span>
     <span class='ocr_line' id='line_1_11' title="bbox 193 1565 1344 1654; baseline 0.006 -26"><span class='ocrx_word' id='word_1_84' title='bbox 193 1566 305 1629; x_wconf 88' lang='lat' dir='ltr'><strong>mitive</strong></span> <span class='ocrx_word' id='word_1_85' title='bbox 317 1566 464 1651; x_wconf 90' lang='lat' dir='ltr'><strong>personis</strong></span> <span class='ocrx_word' id='word_1_86' title='bbox 488 1576 523 1629; x_wconf 90' lang='lat' dir='ltr'><strong>et</strong></span> <span class='ocrx_word' id='word_1_87' title='bbox 545 1565 652 1643; x_wconf 87' lang='lat' dir='ltr'><strong>rebus,</strong></span> <span class='ocrx_word' id='word_1_88' title='bbox 667 1566 817 1630; x_wconf 85' lang='lat' dir='ltr'><strong>venimus</strong></span> <span class='ocrx_word' id='word_1_89' title='bbox 843 1588 947 1652; x_wconf 88' lang='lat' dir='ltr'><strong>usque</strong></span> <span class='ocrx_word' id='word_1_90' title='bbox 972 1568 1164 1653; x_wconf 88' lang='lat' dir='ltr'><strong>Durdreych</strong></span> <span class='ocrx_word' id='word_1_91' title='bbox 1179 1568 1214 1631; x_wconf 93' lang='lat' dir='ltr'><strong>in</strong></span> <span class='ocrx_word' id='word_1_92' title='bbox 1234 1570 1344 1654; x_wconf 91' lang='lat' dir='ltr'><strong>opido,</strong></span> 
     </span>
     <span class='ocr_line' id='line_1_12' title="bbox 191 1667 1344 1756; baseline 0.004 -26"><span class='ocrx_word' id='word_1_93' title='bbox 191 1668 352 1746; x_wconf 85' lang='lat' dir='ltr'><strong>videlicet,</strong></span> <span class='ocrx_word' id='word_1_94' title='bbox 374 1670 408 1731; x_wconf 92' lang='lat' dir='ltr'><strong>in</strong></span> <span class='ocrx_word' id='word_1_95' title='bbox 432 1668 539 1732; x_wconf 93' lang='lat' dir='ltr'><strong>medio</strong></span> <span class='ocrx_word' id='word_1_96' title='bbox 567 1667 751 1732; x_wconf 73' lang='lat' dir='ltr'><strong>Comitatus</strong></span> <span class='ocrx_word' id='word_1_97' title='bbox 779 1670 965 1754; x_wconf 89' lang='lat' dir='ltr'><strong>Hoylandie</strong></span> <span class='ocrx_word' id='word_1_98' title='bbox 988 1670 1178 1747; x_wconf 89' lang='lat' dir='ltr'><strong>constituto,</strong></span> <span class='ocrx_word' id='word_1_99' title='bbox 1203 1671 1344 1756; x_wconf 89' lang='lat' dir='ltr'><strong>indeque</strong></span> 
     </span>
     <span class='ocr_line' id='line_1_13' title="bbox 192 1769 1345 1856; baseline 0.003 -24"><span class='ocrx_word' id='word_1_100' title='bbox 192 1791 282 1832; x_wconf 90' lang='lat' dir='ltr'><strong>mora</strong></span> <span class='ocrx_word' id='word_1_101' title='bbox 305 1769 425 1834; x_wconf 91' lang='lat' dir='ltr'><strong>ibidem</strong></span> <span class='ocrx_word' id='word_1_102' title='bbox 451 1769 492 1832; x_wconf 90' lang='lat' dir='ltr'><strong>ad</strong></span> <span class='ocrx_word' id='word_1_103' title='bbox 522 1770 751 1854; x_wconf 89' lang='lat' dir='ltr'><strong>tapescendam</strong></span> <span class='ocrx_word' id='word_1_104' title='bbox 786 1771 928 1856; x_wconf 91' lang='lat' dir='ltr'><strong>requiem</strong></span> <span class='ocrx_word' id='word_1_105' title='bbox 950 1781 1028 1854; x_wconf 90' lang='lat' dir='ltr'><strong>post</strong></span> <span class='ocrx_word' id='word_1_106' title='bbox 1051 1769 1177 1835; x_wconf 89' lang='lat' dir='ltr'><strong>labores</strong></span> <span class='ocrx_word' id='word_1_107' title='bbox 1203 1770 1345 1836; x_wconf 88' lang='lat' dir='ltr'><strong>biduana</strong></span> 
     </span>
     <span class='ocr_line' id='line_1_14' title="bbox 191 1870 1344 1958; baseline 0.003 -23"><span class='ocrx_word' id='word_1_108' title='bbox 191 1880 367 1948; x_wconf 88' lang='lat' dir='ltr'><strong>contracta,</strong></span> <span class='ocrx_word' id='word_1_109' title='bbox 382 1871 479 1936; x_wconf 88' lang='lat' dir='ltr'><strong>tertio</strong></span> <span class='ocrx_word' id='word_1_110' title='bbox 502 1870 554 1935; x_wconf 93' lang='lat' dir='ltr'><strong>die</strong></span> <span class='ocrx_word' id='word_1_111' title='bbox 571 1872 774 1950; x_wconf 85' lang='lat' dir='ltr'><strong>recessimus,</strong></span> <span class='ocrx_word' id='word_1_112' title='bbox 790 1881 823 1935; x_wconf 91' lang='lat' dir='ltr'><strong>et</strong></span> <span class='ocrx_word' id='word_1_113' title='bbox 847 1872 999 1936; x_wconf 88' lang='lat' dir='ltr'><strong>continue</strong></span> <span class='ocrx_word' id='word_1_114' title='bbox 1020 1894 1077 1957; x_wconf 87' lang='lat' dir='ltr'><strong>per</strong></span> <span class='ocrx_word' id='word_1_115' title='bbox 1104 1872 1290 1958; x_wconf 86' lang='lat' dir='ltr'><strong>Hoylandie</strong></span> <span class='ocrx_word' id='word_1_116' title='bbox 1310 1883 1344 1938; x_wconf 88' lang='lat' dir='ltr'><strong>et</strong></span> 
     </span>
     <span class='ocr_line' id='line_1_15' title="bbox 192 1971 1343 2053; baseline 0.003 -16"><span class='ocrx_word' id='word_1_117' title='bbox 192 1971 301 2038; x_wconf 88' lang='lat' dir='ltr'><strong>Gelrie</strong></span> <span class='ocrx_word' id='word_1_118' title='bbox 329 1974 513 2039; x_wconf 87' lang='lat' dir='ltr'><strong>Comitatus</strong></span> <span class='ocrx_word' id='word_1_119' title='bbox 532 1975 706 2038; x_wconf 76' lang='lat' dir='ltr'><strong>transitum</strong></span> <span class='ocrx_word' id='word_1_120' title='bbox 722 1975 888 2053; x_wconf 80' lang='lat' dir='ltr'><strong>facientes,</strong></span> <span class='ocrx_word' id='word_1_121' title='bbox 903 1975 1035 2039; x_wconf 88' lang='lat' dir='ltr'><strong>tandem</strong></span> <span class='ocrx_word' id='word_1_122' title='bbox 1048 1975 1100 2039; x_wconf 94' lang='lat' dir='ltr'><strong>die</strong></span> <span class='ocrx_word' id='word_1_123' title='bbox 1114 1974 1252 2039; x_wconf 90' lang='lat' dir='ltr'><strong>Veneris</strong></span> <span class='ocrx_word' id='word_1_124' title='bbox 1266 1986 1343 2041; x_wconf 84' lang='lat' dir='ltr'><strong>ante</strong></span> 
     </span>
     <span class='ocr_line' id='line_1_16' title="bbox 189 2076 1342 2163; baseline 0.003 -23"><span class='ocrx_word' id='word_1_125' title='bbox 189 2077 310 2140; x_wconf 80' lang='lat' dir='ltr'><strong>festum</strong></span> <span class='ocrx_word' id='word_1_126' title='bbox 336 2076 547 2140; x_wconf 78' lang='lat' dir='ltr'><strong>Ascensionis</strong></span> <span class='ocrx_word' id='word_1_127' title='bbox 574 2077 756 2157; x_wconf 89' lang='lat' dir='ltr'><strong>Dominice,</strong></span> <span class='ocrx_word' id='word_1_128' title='bbox 781 2078 988 2162; x_wconf 86' lang='lat' dir='ltr'><strong>pervenimus</strong></span> <span class='ocrx_word' id='word_1_129' title='bbox 1011 2078 1262 2163; x_wconf 76' lang='lat' dir='ltr'><strong>Aquisgranurn,</strong></span> <span class='ocrx_word' id='word_1_130' title='bbox 1288 2100 1342 2143; x_wconf 92' lang='lat' dir='ltr'><strong>oc-</strong></span> 
     </span>
     <span class='ocr_line' id='line_1_17' title="bbox 189 2179 1341 2259; baseline 0.003 -17"><span class='ocrx_word' id='word_1_131' title='bbox 189 2180 392 2244; x_wconf 90' lang='lat' dir='ltr'><strong>currentibus</strong></span> <span class='ocrx_word' id='word_1_132' title='bbox 405 2179 500 2244; x_wconf 91' lang='lat' dir='ltr'><strong>nobis</strong></span> <span class='ocrx_word' id='word_1_133' title='bbox 512 2181 546 2243; x_wconf 93' lang='lat' dir='ltr'><strong>in</strong></span> <span class='ocrx_word' id='word_1_134' title='bbox 557 2181 641 2245; x_wconf 88' lang='lat' dir='ltr'><strong>dicte</strong></span> <span class='ocrx_word' id='word_1_135' title='bbox 653 2179 792 2244; x_wconf 85' lang='lat' dir='ltr'><strong>civitatis</strong></span> <span class='ocrx_word' id='word_1_136' title='bbox 804 2180 951 2259; x_wconf 90' lang='lat' dir='ltr'><strong>introitu,</strong></span> <span class='ocrx_word' id='word_1_137' title='bbox 963 2180 1150 2245; x_wconf 90' lang='lat' dir='ltr'><strong>hominibus</strong></span> <span class='ocrx_word' id='word_1_138' title='bbox 1165 2181 1341 2245; x_wconf 89' lang='lat' dir='ltr'><strong>maioribus</strong></span> 
     </span>
     <span class='ocr_line' id='line_1_18' title="bbox 188 2282 1343 2361; baseline 0.001 -15"><span class='ocrx_word' id='word_1_139' title='bbox 188 2292 222 2346; x_wconf 90' lang='lat' dir='ltr'><strong>et</strong></span> <span class='ocrx_word' id='word_1_140' title='bbox 248 2282 446 2360; x_wconf 88' lang='lat' dir='ltr'><strong>melioribus,</strong></span> <span class='ocrx_word' id='word_1_141' title='bbox 461 2283 584 2348; x_wconf 88' lang='lat' dir='ltr'><strong>clericis</strong></span> <span class='ocrx_word' id='word_1_142' title='bbox 599 2282 750 2347; x_wconf 86' lang='lat' dir='ltr'><strong>videlicet</strong></span> <span class='ocrx_word' id='word_1_143' title='bbox 768 2294 802 2347; x_wconf 89' lang='lat' dir='ltr'><strong>ct</strong></span> <span class='ocrx_word' id='word_1_144' title='bbox 823 2283 923 2361; x_wconf 89' lang='lat' dir='ltr'><strong>laicis,</strong></span> <span class='ocrx_word' id='word_1_145' title='bbox 938 2282 1113 2361; x_wconf 91' lang='lat' dir='ltr'><strong>nobilibus,</strong></span> <span class='ocrx_word' id='word_1_146' title='bbox 1128 2282 1285 2347; x_wconf 86' lang='lat' dir='ltr'><strong>militibus</strong></span> <span class='ocrx_word' id='word_1_147' title='bbox 1308 2294 1343 2347; x_wconf 89' lang='lat' dir='ltr'><strong>et</strong></span> 
     </span>
     <span class='ocr_line' id='line_1_19' title="bbox 186 2383 1342 2469; baseline 0.001 -21"><span class='ocrx_word' id='word_1_148' title='bbox 186 2384 257 2448; x_wconf 88' lang='lat' dir='ltr'><strong>aliis</strong></span> <span class='ocrx_word' id='word_1_149' title='bbox 287 2383 439 2448; x_wconf 89' lang='lat' dir='ltr'><strong>omnibus</strong></span> <span class='ocrx_word' id='word_1_150' title='bbox 465 2383 590 2448; x_wconf 84' lang='lat' dir='ltr'><strong>civibus</strong></span> <span class='ocrx_word' id='word_1_151' title='bbox 618 2384 769 2448; x_wconf 86' lang='lat' dir='ltr'><strong>Civitatis</strong></span> <span class='ocrx_word' id='word_1_152' title='bbox 793 2384 950 2468; x_wconf 86' lang='lat' dir='ltr'><strong>ejusdem,</strong></span> <span class='ocrx_word' id='word_1_153' title='bbox 970 2385 1025 2468; x_wconf 92' lang='lat' dir='ltr'><strong>qui</strong></span> <span class='ocrx_word' id='word_1_154' title='bbox 1051 2406 1112 2448; x_wconf 91' lang='lat' dir='ltr'><strong>nos</strong></span> <span class='ocrx_word' id='word_1_155' title='bbox 1127 2384 1342 2469; x_wconf 85' lang='lat' dir='ltr'><strong>magnificeet</strong></span> 
     </span>
     <span class='ocr_line' id='line_1_20' title="bbox 185 2485 1339 2571; baseline 0.001 -20"><span class='ocrx_word' id='word_1_156' title='bbox 185 2486 363 2551; x_wconf 86' lang='lat' dir='ltr'><strong>honorifice</strong></span> <span class='ocrx_word' id='word_1_157' title='bbox 378 2509 452 2550; x_wconf 90' lang='lat' dir='ltr'><strong>cum</strong></span> <span class='ocrx_word' id='word_1_158' title='bbox 473 2487 615 2549; x_wconf 87' lang='lat' dir='ltr'><strong>maximo</strong></span> <span class='ocrx_word' id='word_1_159' title='bbox 631 2486 774 2570; x_wconf 90' lang='lat' dir='ltr'><strong>tripudio</strong></span> <span class='ocrx_word' id='word_1_160' title='bbox 800 2497 835 2550; x_wconf 90' lang='lat' dir='ltr'><strong>et</strong></span> <span class='ocrx_word' id='word_1_161' title='bbox 856 2485 991 2571; x_wconf 89' lang='lat' dir='ltr'><strong>jubileo,</strong></span> <span class='ocrx_word' id='word_1_162' title='bbox 1006 2487 1062 2551; x_wconf 87' lang='lat' dir='ltr'><strong>leti</strong></span> <span class='ocrx_word' id='word_1_163' title='bbox 1076 2497 1110 2550; x_wconf 91' lang='lat' dir='ltr'><strong>et</strong></span> <span class='ocrx_word' id='word_1_164' title='bbox 1124 2487 1253 2562; x_wconf 88' lang='lat' dir='ltr'><strong>hilares,</strong></span> <span class='ocrx_word' id='word_1_165' title='bbox 1268 2487 1339 2553; x_wconf 89' lang='lat' dir='ltr'><strong>sins</strong></span> 
     </span>
     <span class='ocr_line' id='line_1_21' title="bbox 185 2588 1339 2674; baseline 0.001 -21"><span class='ocrx_word' id='word_1_166' title='bbox 185 2589 360 2674; x_wconf 87' lang='lat' dir='ltr'><strong>cujuslibet</strong></span> <span class='ocrx_word' id='word_1_167' title='bbox 382 2589 580 2653; x_wconf 89' lang='lat' dir='ltr'><strong>difficultatis</strong></span> <span class='ocrx_word' id='word_1_168' title='bbox 600 2588 780 2665; x_wconf 89' lang='lat' dir='ltr'><strong>obstaculo,</strong></span> <span class='ocrx_word' id='word_1_169' title='bbox 807 2600 1029 2673; x_wconf 90' lang='lat' dir='ltr'><strong>susceperunt.</strong></span> <span class='ocrx_word' id='word_1_170' title='bbox 1074 2591 1145 2655; x_wconf 93' lang='lat' dir='ltr'><strong>Nec</strong></span> <span class='ocrx_word' id='word_1_171' title='bbox 1166 2591 1339 2671; x_wconf 90' lang='lat' dir='ltr'><strong>credimus,</strong></span> 
     </span>
     <span class='ocr_line' id='line_1_22' title="bbox 184 2691 1339 2778; baseline 0.003 -23"><span class='ocrx_word' id='word_1_172' title='bbox 184 2692 457 2778; x_wconf 77' lang='lat' dir='ltr'><strong>quemadmodum</strong></span> <span class='ocrx_word' id='word_1_173' title='bbox 473 2691 613 2775; x_wconf 85' lang='lat' dir='ltr'><strong>vulgaris</strong></span> <span class='ocrx_word' id='word_1_174' title='bbox 627 2691 661 2753; x_wconf 93' lang='lat' dir='ltr'><strong>in</strong></span> <span class='ocrx_word' id='word_1_175' title='bbox 684 2691 747 2755; x_wconf 87' lang='lat' dir='ltr'><strong>ista</strong></span> <span class='ocrx_word' id='word_1_176' title='bbox 757 2701 841 2755; x_wconf 88' lang='lat' dir='ltr'><strong>terra</strong></span> <span class='ocrx_word' id='word_1_177' title='bbox 856 2702 889 2756; x_wconf 89' lang='lat' dir='ltr'><strong>et</strong></span> <span class='ocrx_word' id='word_1_178' title='bbox 903 2693 1086 2757; x_wconf 90' lang='lat' dir='ltr'><strong>communis</strong></span> <span class='ocrx_word' id='word_1_179' title='bbox 1098 2694 1182 2758; x_wconf 82' lang='lat' dir='ltr'><strong>fame</strong></span> <span class='ocrx_word' id='word_1_180' title='bbox 1201 2703 1339 2759; x_wconf 88' lang='lat' dir='ltr'><strong>testatur</strong></span> 
     </span>
     <span class='ocr_line' id='line_1_23' title="bbox 183 2794 1337 2882; baseline 0.002 -22"><span class='ocrx_word' id='word_1_181' title='bbox 183 2795 383 2882; x_wconf 90' lang='lat' dir='ltr'><strong>preconium,</strong></span> <span class='ocrx_word' id='word_1_182' title='bbox 399 2794 486 2879; x_wconf 89' lang='lat' dir='ltr'><strong>quod</strong></span> <span class='ocrx_word' id='word_1_183' title='bbox 501 2794 684 2858; x_wconf 81' lang='lat' dir='ltr'><strong>educentis</strong></span> <span class='ocrx_word' id='word_1_184' title='bbox 700 2794 793 2857; x_wconf 87' lang='lat' dir='ltr'><strong>annis</strong></span> <span class='ocrx_word' id='word_1_185' title='bbox 808 2795 899 2875; x_wconf 89' lang='lat' dir='ltr'><strong>citra,</strong></span> <span class='ocrx_word' id='word_1_186' title='bbox 914 2795 1075 2880; x_wconf 78' lang='lat' dir='ltr'><strong>aliquibus</strong></span> <span class='ocrx_word' id='word_1_187' title='bbox 1098 2796 1337 2881; x_wconf 87' lang='lat' dir='ltr'><strong>Imperatorum</strong></span> 
     </span>
     <span class='ocr_line' id='line_1_24' title="bbox 183 2896 1337 2984; baseline 0.002 -21"><span class='ocrx_word' id='word_1_188' title='bbox 183 2900 404 2963; x_wconf 88' lang='lat' dir='ltr'><strong>Romanorum</strong></span> <span class='ocrx_word' id='word_1_189' title='bbox 419 2896 471 2961; x_wconf 85' lang='lat' dir='ltr'><strong>vel</strong></span> <span class='ocrx_word' id='word_1_190' title='bbox 495 2897 620 2981; x_wconf 87' lang='lat' dir='ltr'><strong>Regum</strong></span> <span class='ocrx_word' id='word_1_191' title='bbox 635 2896 669 2959; x_wconf 93' lang='lat' dir='ltr'><strong>in</strong></span> <span class='ocrx_word' id='word_1_192' title='bbox 685 2918 742 2961; x_wconf 90' lang='lat' dir='ltr'><strong>sue</strong></span> <span class='ocrx_word' id='word_1_193' title='bbox 758 2898 912 2962; x_wconf 81' lang='lat' dir='ltr'><strong>novitatis</strong></span> <span class='ocrx_word' id='word_1_194' title='bbox 927 2898 1098 2984; x_wconf 88' lang='lat' dir='ltr'><strong>principio,</strong></span> <span class='ocrx_word' id='word_1_195' title='bbox 1113 2899 1232 2964; x_wconf 85' lang='lat' dir='ltr'><strong>dictam</strong></span> <span class='ocrx_word' id='word_1_196' title='bbox 1249 2899 1337 2965; x_wconf 88' lang='lat' dir='ltr'><strong>Civi-</strong></span> 
     </span>
     <span class='ocr_line' id='line_1_25' title="bbox 181 2999 1335 3086; baseline 0.003 -22"><span class='ocrx_word' id='word_1_197' title='bbox 181 3011 283 3066; x_wconf 85' lang='lat' dir='ltr'><strong>tatem</strong></span> <span class='ocrx_word' id='word_1_198' title='bbox 309 3003 506 3086; x_wconf 87' lang='lat' dir='ltr'><strong>Aquensem,</strong></span> <span class='ocrx_word' id='word_1_199' title='bbox 533 2999 603 3063; x_wconf 91' lang='lat' dir='ltr'><strong>sine</strong></span> <span class='ocrx_word' id='word_1_200' title='bbox 626 3000 733 3084; x_wconf 84' lang='lat' dir='ltr'><strong>gravis</strong></span> <span class='ocrx_word' id='word_1_201' title='bbox 758 3001 948 3066; x_wconf 89' lang='lat' dir='ltr'><strong>offensionis</strong></span> <span class='ocrx_word' id='word_1_202' title='bbox 979 3024 1038 3066; x_wconf 92' lang='lat' dir='ltr'><strong>seu</strong></span> <span class='ocrx_word' id='word_1_203' title='bbox 1070 3002 1335 3068; x_wconf 89' lang='lat' dir='ltr'><strong>contradictionis</strong></span> 
     </span>
     <span class='ocr_line' id='line_1_26' title="bbox 182 3100 1334 3186; baseline 0 -20"><span class='ocrx_word' id='word_1_204' title='bbox 182 3102 285 3180; x_wconf 90' lang='lat' dir='ltr'><strong>obice,</strong></span> <span class='ocrx_word' id='word_1_205' title='bbox 301 3103 343 3168; x_wconf 89' lang='lat' dir='ltr'><strong>sit</strong></span> <span class='ocrx_word' id='word_1_206' title='bbox 368 3102 543 3186; x_wconf 88' lang='lat' dir='ltr'><strong>ingressus.</strong></span> <span class='ocrx_word' id='word_1_207' title='bbox 588 3100 738 3185; x_wconf 88' lang='lat' dir='ltr'><strong>Cumque</strong></span> <span class='ocrx_word' id='word_1_208' title='bbox 763 3112 840 3185; x_wconf 90' lang='lat' dir='ltr'><strong>post</strong></span> <span class='ocrx_word' id='word_1_209' title='bbox 865 3103 1047 3186; x_wconf 90' lang='lat' dir='ltr'><strong>ingressum</strong></span> <span class='ocrx_word' id='word_1_210' title='bbox 1071 3101 1156 3168; x_wconf 89' lang='lat' dir='ltr'><strong>dicte</strong></span> <span class='ocrx_word' id='word_1_211' title='bbox 1173 3102 1334 3183; x_wconf 86' lang='lat' dir='ltr'><strong>Civitatis,</strong></span> 
     </span>
     <span class='ocr_line' id='line_1_27' title="bbox 180 3203 1334 3289; baseline 0.003 -23"><span class='ocrx_word' id='word_1_212' title='bbox 180 3226 304 3268; x_wconf 90' lang='lat' dir='ltr'><strong>moram</strong></span> <span class='ocrx_word' id='word_1_213' title='bbox 319 3204 353 3267; x_wconf 94' lang='lat' dir='ltr'><strong>in</strong></span> <span class='ocrx_word' id='word_1_214' title='bbox 371 3204 442 3287; x_wconf 90' lang='lat' dir='ltr'><strong>ipsa</strong></span> <span class='ocrx_word' id='word_1_215' title='bbox 456 3212 621 3287; x_wconf 88' lang='lat' dir='ltr'><strong>oporteret</strong></span> <span class='ocrx_word' id='word_1_216' title='bbox 639 3224 699 3266; x_wconf 91' lang='lat' dir='ltr'><strong>nos</strong></span> <span class='ocrx_word' id='word_1_217' title='bbox 717 3203 843 3267; x_wconf 91' lang='lat' dir='ltr'><strong>trahere</strong></span> <span class='ocrx_word' id='word_1_218' title='bbox 858 3203 1047 3289; x_wconf 85' lang='lat' dir='ltr'><strong>longiorem,</strong></span> <span class='ocrx_word' id='word_1_219' title='bbox 1059 3205 1152 3268; x_wconf 90' lang='lat' dir='ltr'><strong>ecce!</strong></span> <span class='ocrx_word' id='word_1_220' title='bbox 1176 3226 1334 3285; x_wconf 88' lang='lat' dir='ltr'><strong>rumores,</strong></span> 
     </span>
     <span class='ocr_line' id='line_1_28' title="bbox 180 3304 1332 3385; baseline 0.003 -17"><span class='ocrx_word' id='word_1_221' title='bbox 180 3306 284 3369; x_wconf 88' lang='lat' dir='ltr'><strong>nostri</strong></span> <span class='ocrx_word' id='word_1_222' title='bbox 309 3305 450 3368; x_wconf 88' lang='lat' dir='ltr'><strong>affectati</strong></span> <span class='ocrx_word' id='word_1_223' title='bbox 476 3304 655 3382; x_wconf 88' lang='lat' dir='ltr'><strong>desideriis,</strong></span> <span class='ocrx_word' id='word_1_224' title='bbox 678 3316 898 3385; x_wconf 89' lang='lat' dir='ltr'><strong>occurrerunt,</strong></span> <span class='ocrx_word' id='word_1_225' title='bbox 921 3306 1015 3370; x_wconf 89' lang='lat' dir='ltr'><strong>nobis</strong></span> <span class='ocrx_word' id='word_1_226' title='bbox 1037 3306 1193 3370; x_wconf 88' lang='lat' dir='ltr'><strong>hillariter</strong></span> <span class='ocrx_word' id='word_1_227' title='bbox 1218 3309 1332 3372; x_wconf 90' lang='lat' dir='ltr'><strong>nunci-</strong></span> 
     </span>
     <span class='ocr_line' id='line_1_29' title="bbox 180 3405 1332 3489; baseline 0.003 -19"><span class='ocrx_word' id='word_1_228' title='bbox 180 3417 272 3470; x_wconf 82' lang='lat' dir='ltr'><strong>antes</strong></span> <span class='ocrx_word' id='word_1_229' title='bbox 287 3405 577 3489; x_wconf 84' lang='lat' dir='ltr'><strong>Archiepiscopum</strong></span> <span class='ocrx_word' id='word_1_230' title='bbox 599 3405 842 3483; x_wconf 83' lang='lat' dir='ltr'><strong>Treverensem,</strong></span> <span class='ocrx_word' id='word_1_231' title='bbox 858 3408 961 3471; x_wconf 88' lang='lat' dir='ltr'><strong>nostri</strong></span> <span class='ocrx_word' id='word_1_232' title='bbox 986 3407 1137 3471; x_wconf 89' lang='lat' dir='ltr'><strong>culminis</strong></span> <span class='ocrx_word' id='word_1_233' title='bbox 1153 3407 1332 3488; x_wconf 92' lang='lat' dir='ltr'><strong>inimicum,</strong></span> 
     </span>
     <span class='ocr_line' id='line_1_30' title="bbox 182 3506 1331 3592; baseline 0.003 -21"><span class='ocrx_word' id='word_1_234' title='bbox 182 3509 262 3592; x_wconf 91' lang='lat' dir='ltr'><strong>(qui,</strong></span> <span class='ocrx_word' id='word_1_235' title='bbox 276 3508 310 3571; x_wconf 92' lang='lat' dir='ltr'><strong>in</strong></span> <span class='ocrx_word' id='word_1_236' title='bbox 322 3508 425 3570; x_wconf 89' lang='lat' dir='ltr'><strong>nostri</strong></span> <span class='ocrx_word' id='word_1_237' title='bbox 441 3506 583 3569; x_wconf 90' lang='lat' dir='ltr'><strong>nominis</strong></span> <span class='ocrx_word' id='word_1_238' title='bbox 594 3517 627 3569; x_wconf 87' lang='lat' dir='ltr'><strong>et</strong></span> <span class='ocrx_word' id='word_1_239' title='bbox 637 3507 771 3569; x_wconf 88' lang='lat' dir='ltr'><strong>honoris</strong></span> <span class='ocrx_word' id='word_1_240' title='bbox 784 3508 1001 3592; x_wconf 90' lang='lat' dir='ltr'><strong>dispendium,</strong></span> <span class='ocrx_word' id='word_1_241' title='bbox 1017 3517 1166 3572; x_wconf 91' lang='lat' dir='ltr'><strong>nostrum</strong></span> <span class='ocrx_word' id='word_1_242' title='bbox 1179 3508 1331 3575; x_wconf 88' lang='lat' dir='ltr'><strong>Castrum</strong></span> 
     </span>
     <span class='ocr_line' id='line_1_31' title="bbox 178 3608 1331 3693; baseline 0 -17"><span class='ocrx_word' id='word_1_243' title='bbox 178 3623 213 3677; x_wconf 91' lang='lat' dir='ltr'><strong>et</strong></span> <span class='ocrx_word' id='word_1_244' title='bbox 228 3611 398 3675; x_wconf 88' lang='lat' dir='ltr'><strong>Pallatium</strong></span> <span class='ocrx_word' id='word_1_245' title='bbox 416 3608 657 3693; x_wconf 88' lang='lat' dir='ltr'><strong>Bopardiensia,</strong></span> <span class='ocrx_word' id='word_1_246' title='bbox 669 3629 744 3670; x_wconf 92' lang='lat' dir='ltr'><strong>cum</strong></span> <span class='ocrx_word' id='word_1_247' title='bbox 760 3609 900 3672; x_wconf 87' lang='lat' dir='ltr'><strong>maxima</strong></span> <span class='ocrx_word' id='word_1_248' title='bbox 915 3610 1122 3674; x_wconf 91' lang='lat' dir='ltr'><strong>multitudine</strong></span> <span class='ocrx_word' id='word_1_249' title='bbox 1133 3621 1331 3676; x_wconf 89' lang='lat' dir='ltr'><strong>armatorum</strong></span> 
     </span>
     <span class='ocr_line' id='line_1_32' title="bbox 177 3710 1331 3796; baseline -0.002 -18"><span class='ocrx_word' id='word_1_250' title='bbox 177 3716 362 3791; x_wconf 83' lang='lat' dir='ltr'><strong>vallaverat,</strong></span> <span class='ocrx_word' id='word_1_251' title='bbox 374 3723 407 3776; x_wconf 88' lang='lat' dir='ltr'><strong>et</strong></span> <span class='ocrx_word' id='word_1_252' title='bbox 422 3711 462 3775; x_wconf 90' lang='lat' dir='ltr'><strong>ad</strong></span> <span class='ocrx_word' id='word_1_253' title='bbox 477 3710 749 3796; x_wconf 85' lang='lat' dir='ltr'><strong>expugnationem</strong></span> <span class='ocrx_word' id='word_1_254' title='bbox 765 3712 880 3795; x_wconf 89' lang='lat' dir='ltr'><strong>ipsius,</strong></span> <span class='ocrx_word' id='word_1_255' title='bbox 892 3711 1010 3774; x_wconf 89' lang='lat' dir='ltr'><strong>multas</strong></span> <span class='ocrx_word' id='word_1_256' title='bbox 1026 3710 1192 3774; x_wconf 90' lang='lat' dir='ltr'><strong>machinas</strong></span> <span class='ocrx_word' id='word_1_257' title='bbox 1207 3711 1331 3776; x_wconf 89' lang='lat' dir='ltr'><strong>instau-</strong></span> 
     </span>
     <span class='ocr_line' id='line_1_33' title="bbox 176 3812 1331 3900; baseline -0.002 -19"><span class='ocrx_word' id='word_1_258' title='bbox 176 3820 285 3899; x_wconf 66' lang='lat' dir='ltr'><strong>rarat)</strong></span> <span class='ocrx_word' id='word_1_259' title='bbox 297 3814 499 3880; x_wconf 82' lang='lat' dir='ltr'><strong>avenerabili</strong></span> <span class='ocrx_word' id='word_1_260' title='bbox 511 3812 766 3896; x_wconf 85' lang='lat' dir='ltr'><strong>Archiepiscopo</strong></span> <span class='ocrx_word' id='word_1_261' title='bbox 784 3812 1040 3897; x_wconf 85' lang='lat' dir='ltr'><strong>Magontinensi,</strong></span> <span class='ocrx_word' id='word_1_262' title='bbox 1049 3812 1168 3876; x_wconf 88' lang='lat' dir='ltr'><strong>dilecto</strong></span> <span class='ocrx_word' id='word_1_263' title='bbox 1183 3813 1331 3900; x_wconf 86' lang='lat' dir='ltr'><strong>principa</strong></span> 
     </span>
     <span class='ocr_line' id='line_1_34' title="bbox 176 3915 1330 4002; baseline -0.001 -19"><span class='ocrx_word' id='word_1_264' title='bbox 176 3931 300 3998; x_wconf 90' lang='lat' dir='ltr'><strong>nostro,</strong></span> <span class='ocrx_word' id='word_1_265' title='bbox 320 3919 492 3983; x_wconf 89' lang='lat' dir='ltr'><strong>assistente</strong></span> <span class='ocrx_word' id='word_1_266' title='bbox 508 3917 569 3981; x_wconf 89' lang='lat' dir='ltr'><strong>sibi</strong></span> <span class='ocrx_word' id='word_1_267' title='bbox 585 3917 625 3980; x_wconf 92' lang='lat' dir='ltr'><strong>de</strong></span> <span class='ocrx_word' id='word_1_268' title='bbox 641 3916 761 3980; x_wconf 90' lang='lat' dir='ltr'><strong>nostris</strong></span> <span class='ocrx_word' id='word_1_269' title='bbox 783 3915 933 3980; x_wconf 89' lang='lat' dir='ltr'><strong>fidelibus</strong></span> <span class='ocrx_word' id='word_1_270' title='bbox 955 3939 1072 4000; x_wconf 84' lang='lat' dir='ltr'><strong>magna</strong></span> <span class='ocrx_word' id='word_1_271' title='bbox 1093 3916 1187 4001; x_wconf 86' lang='lat' dir='ltr'><strong>copia</strong></span> <span class='ocrx_word' id='word_1_272' title='bbox 1205 3938 1330 4002; x_wconf 89' lang='lat' dir='ltr'><strong>pugna·</strong></span> 
     </span>
     <span class='ocr_line' id='line_1_35' title="bbox 175 4016 1329 4097; baseline -0.004 -9"><span class='ocrx_word' id='word_1_273' title='bbox 175 4032 284 4087; x_wconf 88' lang='lat' dir='ltr'><strong>torum</strong></span> <span class='ocrx_word' id='word_1_274' title='bbox 307 4023 350 4088; x_wconf 93' lang='lat' dir='ltr'><strong>ob</strong></span> <span class='ocrx_word' id='word_1_275' title='bbox 370 4022 474 4086; x_wconf 89' lang='lat' dir='ltr'><strong>nostri</strong></span> <span class='ocrx_word' id='word_1_276' title='bbox 495 4019 638 4085; x_wconf 90' lang='lat' dir='ltr'><strong>nominis</strong></span> <span class='ocrx_word' id='word_1_277' title='bbox 653 4019 877 4097; x_wconf 78' lang='lat' dir='ltr'><strong>reverentiam,</strong></span> <span class='ocrx_word' id='word_1_278' title='bbox 892 4018 933 4082; x_wconf 91' lang='lat' dir='ltr'><strong>ad</strong></span> <span class='ocrx_word' id='word_1_279' title='bbox 948 4018 1026 4083; x_wconf 91' lang='lat' dir='ltr'><strong>dicti</strong></span> <span class='ocrx_word' id='word_1_280' title='bbox 1043 4016 1151 4082; x_wconf 89' lang='lat' dir='ltr'><strong>Castri</strong></span> <span class='ocrx_word' id='word_1_281' title='bbox 1165 4017 1329 4084; x_wconf 88' lang='lat' dir='ltr'><strong>liberatio·</strong></span> 
     </span>
    </p>
   </div>
   <div class='ocr_carea' id='block_1_3' title="bbox 0 0 1774 4830">
    <p class='ocr_par' dir='ltr' id='par_1_3' title="bbox 0 0 1774 4830">
     <span class='ocr_line' id='line_1_36' title="bbox 0 0 1774 4830; baseline 0 10"><span class='ocrx_word' id='word_1_282' title='bbox 0 0 1774 4830; x_wconf 95' lang='lat' dir='ltr'><strong> </strong></span> 
     </span>
    </p>
   </div>
  </div>
 </body>
</html>
