3540 4830
461 485 502 559 7⁴
821 499 982 546 cnosson
1008 495 1184 542 usiones
1211 496 1255 541 ar

465 653 662 729 Leuwelino,
686 651 822 736 principi
849 650 976 725 ll'nllie,
1001 648 1173 712 maximam
1204 659 1329 732 partem
1359 644 1506 711 biarchis
1534 666 1614 711 cum

467 755 591 831 cestris,
614 766 647 819 et
672 754 769 818 etium
792 764 892 815 terras
907 752 1124 835 orphanorum
1141 760 1174 813 et
1188 748 1330 827 castelle,
1350 748 1405 834 qui
1420 761 1513 813 erant
1527 748 1616 813 inin

466 870 585 922 ctntem
612 870 645 921 et
670 858 703 920 in
727 855 884 919 custodis.
939 854 1005 921 ttui
1031 852 1223 929 lescelinus,
1248 874 1345 936 quam
1374 852 1470 915 citius
1499 848 1619 915 babuit

468 962 618 1024 seisinam
635 961 675 1025 de
690 960 796 1042 aliquo
819 968 937 1032 rastro,
953 956 1062 1020 statim
1079 954 1253 1039 prostravit
1268 954 1347 1019 illud
1370 955 1410 1018 ad
1433 954 1615 1018 maximum

467 1062 645 1147 dampnum
681 1073 713 1125 et
750 1059 979 1123 detrimentum
1017 1056 1106 1141 regni
1134 1056 1260 1140 Anglie.
1314 1056 1400 1121 Num
1431 1055 1617 1121 tt'sttenses

464 1186 646 1248 nuncquam
663 1164 791 1225 suerunt
808 1161 851 1223 ita
866 1159 1061 1223 confederati
1084 1180 1158 1221 eum
1175 1158 1318 1241 :inglicis
1334 1180 1394 1223 nec
1409 1158 1614 1243 inposterum

463 1277 569 1341 erunt,
585 1265 662 1349 quin
678 1284 806 1350 percos
829 1262 915 1323 fraus
930 1272 964 1324 et
978 1259 1125 1323 seductio
1146 1258 1372 1345 subsequatur.
1415 1264 1524 1327 uuam
1539 1281 1617 1346 prc-

464 1365 584 1429 dictam
609 1365 818 1429 donationem
849 1364 925 1427 lecit
954 1363 1119 1427 Dominus
1147 1363 1216 1427 lter
1247 1364 1335 1428 dicu)
1366 1364 1540 1441 lauditio,
1576 1376 1615 1429 ut

464 1468 560 1531 terret
574 1467 603 1531 ci
618 1468 772 1531 auxilium
788 1479 901 1531 eontra
915 1465 1019 1528 filium
1035 1488 1130 1529 suum
1146 1478 1180 1529 et
1194 1466 1368 1551 complices
1384 1490 1472 1531 suos.

244 1626 295 1672 Μ
326 1642 340 1669 Ι
372 1626 449 1673 anon
506 1573 602 1633 Anno
620 1569 794 1646 codem,in
817 1568 958 1632 crastino
977 1566 1087 1630 Sancti
1110 1568 1282 1644 Switbuni,
1298 1568 1411 1633 Simon
1431 1567 1472 1631 dc
1493 1566 1615 1633 Monta

250 1640 372 1738 tudini:
464 1673 553 1737 Porti
571 1673 692 1756 junior,
707 1694 781 1736 cum
797 1671 867 1735 aliis
889 1669 1072 1735 Batonibus
1087 1682 1120 1735 et
1143 1670 1383 1746 adherentibus,
1407 1692 1616 1755 expugnes-e-

461 1788 539 1839 runt
555 1774 755 1838 ll'intoniam
771 1784 804 1837 et
820 1773 1089 1857 depredaverunt,
1100 1785 1133 1837 et
1148 1772 1168 1837 J
1173 1773 1355 1837 udaismum
1370 1773 1616 1853 destruxerunt,

463 1879 538 1962 quia
563 1878 649 1940 cives
676 1876 851 1940 noluerunt
876 1896 933 1939 eos
959 1874 1111 1958 recipisse
1139 1875 1171 1938 in
1196 1874 1326 1939 civitate
1352 1872 1422 1937 sina
1448 1876 1616 1957 presentia

463 1979 596 2043 Domini
629 1979 735 2061 Regis,
764 1988 798 2041 et
827 1988 941 2061 postca
970 1976 1160 2039 obsiderunt
1190 1976 1358 2041 castellum
1388 1975 1530 2051 ibidem,
1554 1976 1616 2043 aed

462 2081 580 2144 auditis
596 2078 778 2142 mmoribus
788 2078 828 2141 de
839 2078 981 2142 adventu
996 2078 1128 2141 Domini
1141 2078 1302 2157 Edwardi,
1313 2078 1387 2143 licet
1402 2080 1618 2161 nonrenerit,

462 2205 521 2267 pro
537 2182 652 2245 timore
667 2191 878 2244 recesserunt.

508 2284 757 2348 bleniorandum
777 2282 863 2366 quod
887 2280 1000 2345 eodem
1026 2293 1171 2364 tempore
1196 2304 1260 2366 quo
1287 2282 1430 2367 predicta
1453 2282 1619 2353 discordia

464 2400 534 2451 ortu
549 2387 611 2450 fuit
625 2387 709 2450 inter
724 2385 884 2469 predictos
901 2384 1046 2447 Comites
1070 2384 1268 2450 Glous'ernie
1283 2398 1316 2449 ct
1332 2386 1516 2463 leicestrie,
1538 2412 1620 2475 pro·

465 2493 571 2554 risum
601 2490 662 2553 tuit
691 2500 725 2553 et
754 2500 912 2551 stntutum
943 2488 1027 2551 inter
1058 2487 1314 2565 londonienses,
1349 2502 1384 2553 et
1412 2508 1618 2561 sacramento

465 2593 689 2656 contirmntum
717 2613 774 2674 per
796 2589 972 2674 quemlibet
1000 2591 1042 2673 xij
1068 2612 1227 2653 annorum
1255 2603 1289 2655 et
1313 2592 1463 2677 amplius,
1489 2608 1527 2659 ut
1550 2618 1616 2682 pu

466 2695 599 2758 Domini
619 2694 714 2776 llcgis
736 2692 870 2755 tirmiter
889 2691 1113 2755 observaretur
1134 2693 1166 2756 in
1195 2693 1335 2757 tls-inte
1350 2708 1383 2759 ct
1397 2709 1508 2769 extraz
1529 2712 1564 2764 et
1587 2704 1617 2769 si

465 2795 579 2879 aliquis
589 2808 700 2857 contra
712 2793 774 2856 boc
789 2795 930 2857 venisset
942 2807 974 2856 et
991 2815 1088 2877 super
1103 2795 1164 2857 boc
1179 2797 1348 2861 convictus
1364 2799 1488 2877 suisset,
1503 2804 1618 2872 statim

466 2897 634 2981 capitalem
667 2895 789 2959 subiret
816 2898 1021 2971 sententium,
1048 2920 1112 2959 non
1141 2898 1292 2963 obstante
1324 2902 1431 2985 aliqua
1466 2902 1618 2975 libertate

467 3022 545 3075 sua;
568 3010 600 3061 et
616 2998 676 3059 boc
693 2997 924 3081 proclamatum
950 2998 1010 3060 suit
1035 3020 1092 3081 per
1115 3011 1217 3063 totum
1243 3003 1428 3079 Civitatem,
1456 3018 1490 3069 et
1513 3010 1618 3078 etiam

467 3123 524 3186 per
540 3100 646 3162 literas
662 3120 832 3162 commune
857 3099 1007 3161 Civitatis
1024 3112 1171 3183 patentes
1194 3102 1393 3185 divulgatum
1418 3106 1450 3171 in
1476 3124 1621 3192 quatuor

466 3201 673 3266 comitatibus
697 3200 821 3275 ricinis,
845 3200 996 3263 omnibus
1026 3201 1202 3266 hundredis
1224 3216 1257 3269 et
1283 3207 1366 3271 villis
1391 3230 1410 3272 ι
1437 3210 1621 3281 Londoniis

467 3328 525 3391 per
540 3327 615 3368 xxv.
635 3304 741 3367 leucus
763 3303 979 3380 distantibus;
1002 3305 1089 3369 unde
1111 3308 1253 3390 quidum.
1277 3309 1331 3393 qui
1357 3311 1459 3375 arenti
1486 3314 1619 3382 luerunt

467 3409 642 3473 exereitum
659 3407 800 3471 Simonis
819 3406 858 3469 de
880 3407 995 3470 Monte
1014 3408 1100 3472 l'orti
1121 3410 1259 3492 junioris
1287 3434 1388 3496 usque
1417 3414 1620 3499 londonias,

468 3512 523 3594 qui
539 3510 677 3573 com-icti
694 3511 821 3572 suerunt
844 3510 958 3573 secisse
975 3510 1131 3574 roberimn
1150 3514 1180 3575 in
1198 3511 1363 3578 Stebenbc
1378 3526 1411 3579 et
1426 3516 1459 3580 in
1482 3516 1620 3587 llalten·

469 3613 549 3681 beie.
566 3613 693 3674 filerunt
710 3614 857 3697 suspensi
874 3614 956 3676 circu
973 3614 1091 3677 festum
1103 3616 1334 3699 Apostolorum
1352 3618 1437 3682 l'ctri
1451 3636 1484 3683 et
1502 3620 1605 3689 l'auli.

251 3773 264 3818 1
514 3715 641 3793 Postea,
672 3717 818 3799 proxima
842 3730 936 3779 noste
965 3718 1074 3779 Saluti
1105 3718 1188 3781 l’etri
1216 3720 1255 3782 ad
1287 3720 1424 3794 vincula,
1455 3721 1621 3791 Dominus

271 3838 280 3875 t
318 3788 431 3947 ‘'l-D
469 3817 658 3893 itm-nius,
676 3818 795 3881 tunm
812 3817 997 3895 ntroin,
1014 3818 1262 3885 isirin-inrisui·
1279 3821 1546 3897 tironiensis
1562 3828 1624 3893 m.

295 3782 348 3832 *u*

293 3930 351 4023 ’μδ
363 3918 453 4015 &mss
468 3919 616 3983 berentca
632 3920 664 3983 in
682 3942 779 3982 nranu
795 3920 900 3982 solida
915 3933 947 3983 et
964 3936 1086 3985 amiato
1102 3937 1259 3988 venerunt
1272 3926 1358 4010 apud
1376 3926 1625 4009 lienelwortbe,

266 3784 278 3811 r

255 3854 287 3941 ''rt

249 3968 336 4077 iilos
468 4031 501 4086 ct
516 4019 561 4084 ibi
584 4022 778 4087 invenerunt
797 4042 912 4088 omnes
928 4022 969 4089 de
990 4026 1134 4092 exercitu
1157 4028 1301 4095 Situouis
1322 4030 1362 4096 de
1387 4029 1504 4097 Monte
1530 4031 1626 4102 Porci

246 3858 263 3947 ⁴1

246 3986 252 4009 .
