3540 4830
446 476 701 522 vrcaoourrorr
722 477 1008 522 nonnosranou.
1241 462 1301 534 187

155 628 314 706 Flandrie,
338 651 434 712 quam
462 639 619 692 terrarum
646 629 791 707 aliarum,
818 651 929 694 secure
955 629 1088 694 veniant
1111 630 1143 693 in
1168 651 1304 716 regnum

154 744 301 796 nostrum
315 733 355 794 ad
367 753 492 816 pannos
504 731 665 796 faciendos
679 732 810 811 ibidem,
821 733 866 796 ita
877 733 964 818 quod
976 733 1033 812 illi,
1043 733 1097 818 qui
1110 735 1258 798 venerint
1272 743 1305 797 et

155 858 280 919 pannos
296 834 421 919 operati
436 834 565 912 suerint,
581 835 647 897 sint
661 836 762 919 quieti
777 837 817 899 de
829 835 993 901 theolonio
1004 846 1038 900 et
1049 837 1177 921 tallagio
1187 847 1220 900 et
1235 837 1304 900 aliis

157 934 445 1001 consuetudinibus
461 935 576 998 dandis
591 957 650 1019 pro
666 958 762 1021 opere
778 959 840 1001 suo
855 960 958 1022 usque
981 937 1021 1002 ad
1047 939 1303 1024 quinquennium

156 1039 304 1123 proximo
317 1059 455 1122 sequens
467 1037 676 1122 completum.
720 1039 818 1103 Teste
834 1062 885 1104 me
900 1040 972 1125 ipso
984 1042 1071 1126 apud
1080 1042 1305 1106 Westmonas·

159 1140 303 1215 sterium,
319 1140 395 1224 xviij
412 1139 464 1203 die
480 1138 573 1217 Maii,
588 1160 674 1202 anno
689 1141 778 1224 regni
795 1141 897 1204 nostri
913 1143 947 1206 1⁰.
962 1143 1088 1227 quinto.

204 1243 387 1306 Predictum
413 1241 601 1304 mandatum
628 1241 762 1306 Domini
784 1243 881 1328 Regis
906 1245 969 1309 fuit
993 1246 1225 1331 proclamatum
1250 1265 1309 1331 per

159 1356 260 1409 totam
277 1344 452 1408 Civitatem
468 1344 521 1427 xxj
539 1343 591 1407 die
607 1343 698 1406 Maii.

205 1448 278 1510 Hoc
288 1468 385 1522 anno,
396 1445 482 1529 apud
498 1446 618 1530 Reyns,
630 1445 663 1508 in
676 1444 759 1509 festo
775 1446 1008 1511 Dccollationis
1021 1448 1131 1513 Sancti
1146 1450 1308 1514 Johannis

162 1547 318 1632 Baptista,
334 1549 395 1609 fuit
421 1547 574 1609 inunctus
600 1546 634 1608 in
656 1547 777 1631 Regem
794 1548 989 1614 Francorum
1006 1551 1170 1633 predictus
1188 1553 1309 1636 Philip·

160 1672 232 1733 pus,
248 1648 332 1711 filius
348 1648 483 1732 predicti
496 1647 680 1734 Lodewyci,
696 1649 749 1733 qui
766 1647 847 1713 obiit
862 1650 895 1713 in
914 1651 1025 1714 lnsula
1040 1652 1081 1716 de
1095 1652 1210 1731 Turris,
1225 1654 1310 1717 sicut

161 1752 339 1836 predictum
355 1760 415 1814 est.

207 1862 323 1923 Postea
353 1859 460 1922 nuntii
491 1859 635 1943 predicte
677 1858 851 1925 Comitisse
882 1874 1041 1927 venerunt
1064 1864 1244 1929 Londoniis
1268 1864 1309 1928 ad

161 1963 246 2027 diem
271 1963 318 2026 eis
342 1961 515 2045 prefixum,
533 1961 665 2040 scilicet,
689 1962 722 2025 in
747 1962 882 2028 Octabis
907 1965 1024 2029 Sancte
1049 1967 1227 2045 Trinitatis,
1252 1967 1309 2052 qui

162 2075 327 2148 sperantes
344 2064 544 2142 mulnenbus
559 2075 593 2129 et
607 2065 776 2150 promissis
791 2066 961 2130 consilium
976 2068 1110 2132 Domini
1127 2069 1223 2153 Regis
1238 2091 1308 2133 cor·
1315 2095 1352 2154 fo.
1366 2093 1412 2139 120
1426 2097 1456 2138 ιο.

162 2188 321 2250 rumpere,
335 2166 498 2251 petierunt
519 2166 559 2230 ab
584 2189 633 2244 eo,
655 2178 692 2231 ut
711 2167 790 2230 illud
806 2169 971 2252 negotium
987 2171 1129 2255 positum
1146 2173 1261 2234 fuisset
1276 2172 1309 2234 in

162 2283 310 2355 respectu
322 2292 424 2354 usque
445 2271 485 2333 ad
501 2271 620 2335 festum
637 2270 747 2335 Sancti
766 2271 946 2348 Michaelis,
961 2282 995 2334 et
1009 2282 1057 2350 ut,
1073 2272 1212 2350 interim,
1229 2294 1311 2337 mer·

162 2385 286 2437 catores
301 2375 416 2457 Anglie
434 2384 572 2457 possent
595 2373 759 2457 negotiare
774 2372 807 2435 in
822 2373 982 2451 Flandria,
993 2385 1027 2437 et
1048 2374 1262 2437 Fiandrenses
1277 2375 1311 2436 in

163 2496 262 2558 regno
291 2476 418 2559 Anglie‚
448 2475 533 2538 sicut
563 2474 720 2538 solebant.
777 2474 851 2539 Que
877 2495 954 2538 vero
984 2475 1098 2558 petitio
1128 2474 1220 2539 valde
1250 2477 1312 2540 fuit

163 2584 263 2647 stulta
292 2594 325 2648 ct
354 2584 442 2647 omni
473 2583 590 2647 rationi
622 2582 791 2659 contraria,
822 2577 897 2664 quia
925 2577 1054 2640 interim
1084 2590 1220 2662 possent
1249 2580 1312 2663 ipsi

163 2685 272 2749 omnia
286 2684 371 2748 bona
386 2695 420 2748 et
434 2685 547 2749 catalla
563 2706 621 2748 sua
636 2706 654 2747 a
669 2705 768 2768 regno
785 2681 899 2766 Anglie
914 2680 1040 2764 ejicere,
1052 2691 1086 2746 et
1100 2691 1207 2745 tantas
1222 2682 1312 2746 lanas

163 2808 269 2851 emere
284 2798 317 2851 et
331 2788 371 2850 ad
384 2797 491 2872 partes
507 2809 582 2850 suas
596 2786 767 2861 adducere,
778 2805 841 2869 que
853 2781 1073 2846 sufficerenter
1086 2782 1133 2846 eis
1148 2784 1188 2847 ad
1204 2786 1313 2848 omnia

163 2891 287 2974 agenda
301 2913 360 2954 sua
375 2911 475 2974 usque
487 2889 570 2954 duos
591 2911 694 2952 annos
709 2888 761 2952 rel
776 2898 853 2965 tres,
869 2885 1100 2949 mercatoribus
1115 2886 1242 2971 Anglie,
1257 2887 1313 2973 qui

164 3012 222 3074 per
237 2990 445 3055 Comitissam
470 2990 620 3054 Flandrie
644 2990 786 3073 dampna
809 2986 992 3072 reciperint,
1014 2986 1155 3066 interim,
1180 2989 1313 3052 omnino

165 3090 258 3154 bonis
284 3103 318 3156 et
342 3092 464 3155 catallis
481 3092 548 3155 suis
564 3091 768 3156 carentibus:
791 3091 879 3176 quod
893 3090 940 3153 eis
955 3089 1087 3174 penitus
1101 3090 1163 3153 fuit
1178 3091 1313 3176 denega·

163 3205 246 3255 tum.
291 3193 355 3255 Sed
382 3194 444 3256 illis
470 3215 528 3277 per
551 3205 617 3257 tres
643 3194 841 3279 septimanas
865 3212 987 3255 moram
1013 3190 1203 3254 iacientibus
1227 3193 1313 3275 apud

166 3292 364 3369 Londonias,
380 3293 502 3357 dictum
523 3306 574 3358 est
594 3317 652 3379 per
679 3296 801 3379 Regem
825 3304 859 3356 et
883 3290 1055 3355 consilium
1070 3312 1165 3354 suum
1182 3291 1213 3353 in
1230 3293 1314 3355 festo

165 3395 491 3459 commemorationis
507 3394 618 3459 Sancti
644 3397 734 3459 Pauli
758 3393 892 3478 precise,
912 3403 949 3455 ut
968 3401 1085 3455 exeant
1099 3414 1117 3455 a
1131 3414 1231 3477 regno
1245 3394 1315 3456 An·

163 3499 225 3584 glic
241 3501 298 3560 &o
315 3497 398 3560 sicut
413 3507 502 3580 patet
517 3497 549 3559 in
566 3497 666 3561 literis
682 3496 883 3580 subscriptis.

211 3600 370 3664 Henricus
398 3600 460 3664 Dei
475 3600 576 3684 gratia
594 3601 662 3664 Rex
683 3600 811 3684 Anglie,
826 3601 884 3662 &c
929 3595 1047 3659 Maiori
1062 3606 1096 3660 et
1110 3595 1318 3660 vicecomiti·

166 3705 227 3768 bus
254 3703 498 3767 Londoniarum
525 3703 672 3766 salutem.
718 3701 803 3765 Cum
830 3698 1008 3765 Comitissa
1029 3698 1178 3762 Flandrie
1206 3707 1318 3760 contra

166 3807 293 3891 proprie
309 3806 454 3869 debitum
472 3805 651 3869 honestatis
663 3805 751 3868 lanas
764 3813 797 3867 et
807 3803 867 3866 alia
879 3802 1087 3866 mercimonia
1097 3824 1135 3865 ac
1150 3800 1235 3863 bona
1251 3810 1316 3862 tarn

165 3921 363 3986 nostrorum,
381 3930 477 3992 quarn
493 3907 627 3971 aliorum
653 3919 840 3991 magnatum
867 3904 956 3991 regni
972 3905 1076 3969 nostri
1091 3919 1318 3993 mercatorum,

167 4035 270 4097 nuper
286 4013 367 4076 inira
387 4024 504 4075 terram
528 4021 561 4076 et
587 4020 782 4096 potestatem
809 4010 912 4096 ipsius
929 4007 1115 4085 Comitisse,
1131 4029 1196 4070 non
1212 4006 1317 4070 solum

212 4136 325 4179 cassu.
351 4136 424 4179 soe.
989 4133 1010 4175 τ
