3540 4830
464 486 721 531 ιιοιοοιιιιυιι
749 483 1038 529 ιοιιιοιιιιιιυιι.
1265 465 1307 524 55

157 639 276 704 milites
290 649 324 705 et
338 638 526 718 servientes,
540 638 726 717 aCivitate,
741 637 797 722 qui
821 646 937 723 postea
951 655 1009 720 per
1034 631 1217 699 Dominum
1242 630 1310 696 Ed·
1322 641 1419 688 datis
1420 647 1470 687 ιιι
1482 638 1521 687 ct·

157 744 301 807 nardum
319 743 418 829 positi
434 752 512 807 sunt
535 743 569 806 in
592 750 803 827 garenesturs
825 738 912 824 apud
939 737 1223 823 Wyndleshoram.
1266 706 1479 831 EtJ'J'fffei‘ngM⁸
1447 720 1516 750 ω’

158 855 237 909 tunc
254 845 352 909 Cives
364 845 511 909 fecerunt
525 843 688 920 excubias,
703 842 886 927 equitantes
901 841 941 905 de
953 850 1050 905 noete
1065 861 1122 924 per
1138 837 1353 903 civitatens
1325 901 1365 946 b
1356 844 1441 953 mm
1447 831 1517 958 ἒξ·

158 966 233 1009 curn
248 945 340 1030 equis
355 955 389 1010 et
404 944 512 1023 armis,
537 944 622 1008 inter
636 964 719 1028 quos
734 940 978 1006 innumerabilis
998 941 1139 1028 populus
1165 938 1312 1025 peditum
1325 971 1429 1010 „naam
1440 969 1477 1009 ..ι

159 1069 195 1111 se
221 1046 372 1125 intrusit3
404 1067 542 1132 quorum
567 1044 698 1130 quidam
733 1043 902 1122 maliciosi,
938 1043 999 1109 sub
1029 1044 1136 1109 colore
1159 1039 1314 1127 querendi

159 1149 366 1234 alienigenas,
380 1151 545 1235 fregerunt
560 1147 669 1232 plures
684 1146 799 1211 domos
814 1146 950 1211 aliorum
966 1156 1000 1211 et
1014 1145 1101 1212 bona
1122 1145 1190 1211 ibi'
1182 1155 1316 1210 inventa

161 1261 419 1338 asportaverunt.
472 1250 525 1314 Ad
562 1271 700 1334 quorum
734 1248 892 1312 maliciam
923 1249 1158 1329 refrenandam,
1184 1247 1316 1313 dimisse

163 1364 241 1418 sunt
255 1352 390 1420 excubie
405 1352 633 1438 equitantium,
646 1363 680 1418 et
705 1353 789 1416 facte
813 1360 892 1415 aunt
916 1351 951 1415 in
966 1351 1109 1429 Wardis,
1124 1350 1259 1436 quilibet
1281 1349 1316 1412 in

162 1457 285 1521 Warda
300 1479 359 1521 sua
384 1456 466 1521 bene
489 1465 644 1520 armatus.
689 1455 817 1533 Postea,
843 1453 895 1518 die
911 1454 1085 1519 Dominiea
1098 1463 1174 1519 ante
1196 1454 1316 1517 festum

162 1559 281 1624 Sancte
297 1559 491 1643 Margarete,
505 1567 663 1623 venerunt
690 1557 835 1622 Baiones
850 1556 1042 1631 Londoniis,
1058 1565 1092 1621 et
1115 1556 1149 1620 in
1175 1554 1316 1619 crastino

164 1662 235 1726 Rex
249 1671 283 1724 et
299 1659 422 1743 Regina
436 1667 639 1723 recesserunt
652 1680 672 1722 a
685 1657 781 1722 'l'urri
796 1678 898 1741 usque
913 1656 955 1721 ad
977 1654 1317 1722 Westmonasterium.

163 1763 257 1827 'l'unc
267 1761 434 1846 temporis,
449 1760 646 1824 assentiente
662 1760 807 1824 Domino
820 1761 918 1844 Rege,
928 1760 1032 1823 factus
1041 1768 1092 1823 est
1106 1779 1164 1843 per
1174 1757 1318 1821 Barones

166 1864 266 1946 Hugo
295 1862 325 1926 la
355 1862 543 1945 Despencer
568 1861 772 1927 Justitiarius
801 1861 903 1926 totius
929 1859 1057 1945 anglie,
1080 1869 1114 1925 et
1142 1857 1260 1924 tradita
1288 1857 1318 1922 ei

162 1964 276 2028 Turris
292 1962 548 2027 Londoniarum.

210 2064 461 2130 Memorandum
484 2064 595 2149 quod
587 2074 649 2128 rste
675 2063 794 2143 Maior,
818 2073 965 2150 tempora
990 2063 1171 2129 Maioratus
1187 2061 1249 2141 sui,
1274 2061 1319 2126 ita
1332 2063 1530 2175 &sedwa

167 2168 324 2232 nutrierat
339 2167 497 2252 populum
508 2166 668 2245 Civitatis,
684 2167 772 2282 quod
787 2179 941 2232 vocantes
956 2189 992 2232 se
1003 2166 1222 2232 Communem
1231 2164 1319 2231 Civi-
1332 2128 1530 2239 hap-ussa
1423 2207 1498 2237 ,,,,,

166 2271 255 2348 tatis,
270 2268 450 2333 habuerant
467 2269 605 2353 primam
620 2289 733 2333 vocem
758 2268 960 2335 incivitate.
1004 2269 1186 2353 Namrpse
1213 2257 1522 2383 M⁸¹⁰¹brqmiiba

167 2371 277 2436 omnia
301 2368 425 2454 agenda
449 2391 508 2432 sua
522 2391 579 2454 per
603 2369 675 2433 illos
691 2369 805 2453 agebat
831 2381 865 2435 et
890 2369 1095 2448 terminabat,
1121 2370 1231 2434 disens
1261 2368 1320 2447 sia,
1332 2388 1393 2434 asu

167 2471 299 2535 “vultis
315 2493 374 2534 ιοι
390 2480 428 2535 ut
442 2471 488 2534 ita
502 2470 600 2549 fiat;'’
623 2480 657 2535 et
672 2493 699 2534 ιι
690 2471 874 2537 dixissent
898 2494 941 2555 ys
963 2495 1017 2555 ys,
1041 2473 1087 2537 ita
1112 2473 1233 2536 factum
1247 2470 1321 2536 fuit.

168 2575 242 2638 Et
229 2596 247 2638 e
262 2594 430 2651 converso,
445 2595 560 2658 parum
575 2584 633 2637 aut
657 2573 757 2639 nichil
779 2574 1007 2641 Aldermannis
1027 2596 1086 2640 seu
1111 2573 1322 2659 Magnetibus

168 2676 320 2742 Civitatis
332 2677 501 2761 superbae
515 2675 693 2755 consultis3
708 2677 768 2741 sed
782 2678 915 2742 fuerunt
927 2678 1002 2762 ipsi,
1016 2678 1108 2763 quasi
1123 2699 1190 2743 ιιοιι
1201 2687 1323 2742 essent.

169 2779 238 2843 late
253 2777 393 2863 populus
408 2778 454 2842 its
468 2799 527 2863 per
546 2779 608 2843 hoc
632 2790 701 2844 erat
715 2778 819 2844 elatus
843 2790 878 2845 et
903 2779 1054 2864 superbia
1075 2779 1220 2859 inflatus,
1234 2778 1323 2865 quod

168 2891 315 2966 tempore
331 2880 584 2965 perturbationis
598 2882 699 2966 regni,
715 2882 755 2946 de
776 2904 841 2968 qua
855 2883 1003 2968 superius
1018 2883 1142 2948 mentio
1156 2884 1241 2949 facta
1260 2892 1322 2962 est,

168 2984 231 3068 ipsi
247 2985 393 3048 fecerunt
418 2984 459 3047 de
483 3006 518 3049 se
540 2985 794 3064 conventiculae,
811 2997 844 3051 et
868 3007 927 3072 per
948 2996 1103 3053 centenos
1118 2995 1151 3050 et
1172 2985 1322 3052 millenos

164 3085 351 3168 juramento
366 3083 563 3149 confederati
589 3095 677 3164 sunt,
704 3084 764 3150 sub
780 3086 921 3171 quodam
946 3086 1052 3152 eolore
1075 3108 1188 3172 paoem
1212 3086 1324 3153 obser·

170 3186 279 3260 vandi,
303 3186 358 3268 qui
382 3186 553 3251 manifeste
575 3188 706 3253 fuerunt
728 3190 816 3271 pacis
843 3186 1093 3272 perturbatores.
1138 3189 1225 3254 Nam
1248 3210 1324 3253 cum

171 3285 317 3350 Berones
332 3285 560 3349 tantummodo
576 3308 673 3371 super
687 3286 771 3365 illos,
786 3287 842 3371 qui
856 3287 1001 3372 predicta
1014 3298 1138 3353 statuta
1151 3286 1324 3372 infringere

171 3387 355 3464 voluerunt,
381 3387 587 3466 militassent,
611 3400 645 3454 et
658 3387 745 3454 bona
759 3390 873 3454 talium
899 3390 1120 3476 diripuissent,
1145 3401 1179 3456 et
1203 3391 1266 3456 hoe
1280 3391 1321 3456 de

171 3491 234 3569 die,
256 3490 313 3554 isti
334 3489 374 3554 da
398 3502 494 3555 noete
509 3491 625 3555 domos
641 3492 848 3558 Caursinium
863 3503 899 3558 et
917 3493 1063 3573 aliorum,
1079 3493 1134 3578 qui
1158 3515 1226 3558 nou
1251 3494 1322 3558 fue-

170 3601 248 3657 runt
263 3601 376 3656 eontra
397 3602 520 3657 statuta
547 3593 701 3677 predicta,
725 3594 760 3659 in
786 3595 927 3660 Civitste
941 3595 1106 3680 fregeram
1127 3604 1162 3662 et
1186 3594 1273 3661 bona
1286 3596 1321 3663 iu

171 3695 326 3781 predictis
341 3694 492 3761 domibus
507 3695 639 3760 inventa
653 3696 812 3762 violenter
826 3707 1084 3782 asportaverunt,
1097 3708 1131 3765 et
1147 3699 1249 3765 multa
1262 3699 1324 3766 alia

171 3797 284 3862 illicita
298 3797 453 3910 iecerunt
499 3797 579 3862 Illos
594 3820 671 3863 vero
688 3797 797 3863 Maior
811 3798 919 3883 tepide
934 3798 1194 3884 redarguebatur.

172 4012 351 4087 praeturas,
365 4023 467 4067 novas
492 4013 527 4068 et
540 4012 678 4082 veterae,
703 4003 738 4069 in
754 4002 907 4082 civitate,
920 4003 1012 4071 nullo
1030 4005 1114 4090 juris
1140 4006 1254 4075 ordino
1267 4008 1326 4075 ab·
1339 3999 1475 4047 ‘'W“
