3540 4830
481 507 739 553 vrcscourrou
762 509 1048 555 connourssou.
1297 491 1337 563 75

189 656 327 740 junioris
352 659 560 725 dormientes.
615 659 778 725 Dominus
794 671 903 726 autern
922 658 1101 724 Edwerdus
1127 658 1203 725 iecit
1227 658 1338 724 statim

190 761 398 842 proclamare,
413 772 450 825 ut
465 763 571 826 nullus
587 763 627 827 de
643 764 710 826 suis
725 764 865 849 aliquem
881 765 921 828 de
936 762 1078 827 exercitu
1093 762 1171 827 dicti
1195 761 1338 826 Simonis

189 860 401 941 interficeret3
439 863 495 927 sed
536 863 608 927 illos
638 866 730 930 vivos
756 876 896 951 caperet.
954 865 1052 931 Unde
1080 864 1126 930 ibi
1150 864 1235 951 capti
1260 874 1339 929 sunt

191 962 311 1028 Comes
327 965 467 1044 Oronie,
482 965 676 1029 Willielmus
692 967 732 1030 de
748 967 866 1032 Monte
882 967 1026 1047 Canisio,
1046 967 1152 1032 Adam
1175 968 1216 1033 de
1240 968 1337 1032 Novo

189 1064 347 1145 Mercato,
371 1068 586 1132 Baudewinus
604 1068 720 1148 Wake,
752 1071 850 1154 Hugo
879 1070 920 1135 de
944 1070 1071 1150 Neviie‚
1097 1070 1248 1136 etmulti
1272 1070 1337 1150 alii,

190 1168 345 1248 Ramnes,
361 1172 490 1250 milites,
506 1183 539 1235 et
555 1173 744 1249 servientes,
760 1173 815 1258 qui
830 1194 943 1237 omnes
961 1173 1093 1238 adducti
1115 1184 1194 1239 sunt
1218 1174 1337 1259 captivi

188 1295 291 1357 usque
308 1274 550 1353 Glouverniam,
565 1275 691 1339 amissis
706 1275 798 1361 equis
813 1285 847 1340 et
861 1277 958 1340 armis
970 1277 1037 1340 suis
1053 1286 1086 1341 et
1100 1286 1172 1342 toto
1186 1277 1336 1342 hernesio

187 1398 310 1442 eorum.
342 1379 509 1443 Predictus
524 1390 632 1443 sutem
649 1380 761 1444 Simon
777 1389 811 1443 et
831 1379 962 1463 quidem
976 1379 1029 1443 alii
1044 1379 1203 1464 fugientes
1218 1400 1336 1465 posue·

188 1488 264 1540 runt
279 1500 313 1542 se
330 1479 362 1542 in
378 1483 545 1545 castellum
558 1483 598 1546 de
615 1482 843 1547 Kenelworthe
852 1507 862 1562 3
878 1483 1092 1567 quamplures
1107 1482 1162 1567 qui
1174 1491 1334 1567 poterunt,

187 1590 345 1662 ponentes
361 1604 395 1645 se
411 1582 444 1645 in
460 1583 579 1667 fugam,
594 1594 776 1648 evaserunt.

232 1682 481 1747 Memorandum
498 1687 585 1770 quod
602 1688 764 1751 Dominus
788 1688 857 1751 Rex
878 1708 953 1750 cum
971 1685 1101 1750 Comite
1113 1684 1287 1750 leicestrie
1301 1694 1335 1750 et
1347 1691 1467 1753 Dipsas
1478 1692 1506 1740 ὰ

186 1783 256 1845 sliis
287 1785 348 1847 sibi
378 1786 607 1851 adherentibus
636 1811 760 1852 moram
784 1788 937 1852 iecissent
962 1787 996 1851 in
1024 1786 1217 1852 Herefordio
1241 1796 1276 1851 et
1301 1787 1335 1851 in
1348 1757 1468 1804 sustam

187 1885 332 1969 partibus
347 1888 410 1951 illis
426 1891 606 1975 perplures
622 1892 830 1977 septimanos,
853 1913 919 1956 non
935 1890 1046 1954 valens
1057 1890 1193 1955 transire
1209 1889 1335 1956 Saveri·

185 1991 436 2067 nam,omnibus
451 1993 606 2077 pontibus
629 1994 767 2080 diruptis
790 2014 848 2078 per
874 1992 1055 2056 Dominum
1079 1992 1275 2057 Edwardurn
1301 2003 1335 2058 et

187 2090 348 2156 Comitem
366 2094 574 2174 Glouvernie,
592 2106 626 2160 et
639 2098 736 2161 etiam
752 2096 905 2182 predictis
921 2096 1082 2160 Eduardo
1101 2106 1135 2160 et
1149 2095 1279 2160 Comite
1300 2106 1335 2161 et

186 2195 369 2261 Batonibus
384 2199 424 2264 dc
440 2201 586 2264 biarchis
601 2201 718 2265 Wallie
734 2223 810 2266 cum
826 2200 969 2265 exercitu
985 2220 1044 2262 suo
1060 2197 1278 2276 obstantibus,
1292 2218 1334 2262 ne

184 2298 254 2382 ipse
272 2301 341 2364 Rex
356 2324 430 2366 cum
447 2303 513 2365 suis
528 2303 689 2367 transiret.
732 2301 878 2366 Tandem
891 2323 965 2365 curn
979 2298 1143 2385 predictus
1154 2298 1333 2362 Edwardus

185 2423 259 2465 cum
275 2404 417 2467 exercitu
439 2426 499 2467 suo
521 2404 636 2468 fuisset
661 2404 748 2488 apud
770 2402 1010 2479 Keneiworthe,
1025 2401 1111 2465 sicut
1125 2410 1333 2485 prenotatum

186 2514 247 2580 cst,
268 2504 431 2568 Dominus
448 2507 518 2569 Res
538 2527 612 2570 cum
635 2507 702 2569 suis
718 2506 868 2570 transivit
884 2504 1070 2569 Saverinam
1094 2503 1181 2589 apud
1204 2502 1334 2588 Wigor-

185 2605 272 2669 niam
298 2606 332 2668 in
356 2607 497 2672 crastino
513 2607 624 2672 Sancti
652 2608 738 2672 Petri
760 2609 801 2672 ad
817 2607 966 2686 Vincula,
992 2617 1072 2672 tunc
1097 2605 1254 2691 temporis
1280 2605 1333 2670 die

186 2709 367 2774 Dominica.
394 2711 520 2788 Postea,
529 2709 581 2773 die
592 2710 709 2774 Martis
721 2709 870 2795 proximo
882 2718 1049 2794 sequente,
1061 2729 1124 2793 que
1134 2707 1203 2773 dics
1214 2707 1332 2771 Martis

184 2813 245 2875 fuit
260 2822 338 2875 tunc
353 2812 508 2897 temporis
531 2811 628 2875 tercia
652 2812 721 2875 dies
746 2821 823 2896 post
848 2810 1040 2890 Advinculs,
1061 2809 1193 2889 scilicet,
1218 2820 1332 2896 quarta

183 2916 251 2979 dies
281 2917 433 3000 Augusti,
462 2926 621 2979 venerunt
643 2916 730 3001 apud
757 2916 956 2994 Hevesham,
982 2914 1039 2978 ubi
1070 2915 1232 2979 Dominus
1262 2914 1331 2978 Ed·

183 3018 309 3081 wardus
324 3029 358 3082 et
373 3017 492 3081 Comes
516 3017 691 3082 Glovernie
717 3026 975 3103 supervenerunt
996 3039 1071 3081 cum
1094 3026 1165 3080 toto
1188 3016 1331 3082 exercitu

184 3146 254 3200 suo,
270 3133 304 3187 et
318 3133 425 3206 partes
441 3121 584 3206 predicte
599 3121 714 3185 eodem
733 3122 785 3185 die
807 3120 1023 3186 conflixerunt
1047 3130 1138 3183 extra
1152 3120 1331 3204 predictam

183 3223 302 3299 viliam,
318 3235 351 3287 et
366 3223 443 3286 dicti
460 3223 638 3285 Edwardus
653 3234 686 3286 et
703 3221 823 3287 Comes
841 3222 1017 3287 Giovernie
1031 3220 1214 3285 habuerunt
1228 3220 1331 3285 victo·

183 3326 281 3403 riam3
305 3335 339 3389 et
363 3325 550 3388 interfectus
573 3334 624 3386 est
650 3323 770 3388 Comes
797 3323 972 3388 leicestrie
998 3332 1032 3389 et
1057 3322 1218 3386 Henricus
1243 3321 1330 3386 filius

183 3450 261 3491 suus
277 3424 521 3511 primogenitus,
547 3427 646 3510 Hugo
672 3424 702 3489 le
728 3426 925 3510 Despenser,
949 3434 983 3489 ct
1008 3424 1123 3487 Petrus
1145 3423 1186 3487 de
1212 3422 1330 3488 Monte

182 3529 268 3608 forti,
291 3539 325 3593 et
345 3550 458 3592 omnes
472 3527 609 3591 barones
625 3536 659 3590 et
674 3527 802 3605 milites,
826 3526 882 3611 qui
908 3526 955 3589 eis
978 3525 1184 3603 adheserunt,
1208 3524 1329 3588 mortui

183 3644 269 3704 sunt.
304 3631 448 3715 exceptis
489 3629 610 3713 paucis,
646 3628 702 3713 qui
735 3628 820 3713 capti
848 3639 926 3690 sunt
959 3637 994 3691 et
1023 3627 1190 3691 sevissime
1218 3636 1328 3691 tamm

181 3734 349 3799 vulnerati.
376 3733 421 3795 Et
430 3732 552 3796 dictum
564 3732 712 3817 estquod
723 3731 816 3795 multi
827 3731 945 3794 milites
957 3740 991 3794 et
1001 3729 1179 3794 servientes
1188 3751 1228 3793 ex
1238 3739 1329 3814 parte

181 3838 234 3901 illa
249 3835 482 3916 occubuerunt3
505 3858 545 3900 ex
561 3848 651 3922 parte
666 3858 743 3901 vero
758 3836 819 3899 alia
833 3834 985 3921 perpauci
1008 3833 1127 3898 mortui
1142 3843 1231 3898 sunt.

226 3941 342 4026 Cspud
357 3962 434 4005 vero
449 3941 526 4006 dicti
542 3940 681 4006 Comitis
698 3939 883 4019 Leicestrie,
903 3949 941 4003 ut
954 3937 1081 4016 dicitiu,
1096 3935 1240 4002 abcisum
1266 3934 1329 4001 fuit
