3540 4830
682 470 881 514 serenum.
1291 458 1352 515 235

204 628 228 667 et
238 629 315 667 nostre
325 621 466 668 sanctiones.
497 622 595 669 Possunt
604 623 675 669 etism
684 623 804 669 mediante
814 622 916 683 peeums
926 622 986 667 situs
992 628 1017 668 et
1029 622 1130 667 liberum
1141 628 1312 679 tenementum,
1323 624 1356 669 its

205 705 275 747 otium
288 705 403 758 lerenius,
412 718 459 763 que
471 703 501 748 cle
514 704 616 749 Domino
627 704 691 765 Rege
702 705 838 750 immediate
848 711 968 759 tenentur,
975 703 1061 748 futuris
1072 704 1218 763 temporibus
1229 719 1353 764 occupare

206 785 237 830 Et
248 787 305 844 quis
316 800 358 845 per
369 786 412 831 hee
424 793 446 831 et
458 787 556 831 consilis
568 787 686 846 peulisper
697 788 863 832 invalescentis
875 788 899 831 in
912 786 1024 831 lesionem
1035 786 1090 831 fidei
1102 786 1235 831 Christiane
1252 786 1356 832 Domino

205 867 263 923 liceri
275 876 297 912 ct
310 883 383 927 regno
393 883 421 913 se
433 870 499 927 regni
519 868 606 913 ueoolis
621 876 697 928 ponet
716 883 764 914 non
776 870 903 914 minimum
914 868 1072 928 prejudicium
1083 869 1184 928 gnvsri,
1201 883 1278 928 nuper
1290 870 1354 928 nputl

200 949 342 1005 londonien,
353 951 415 996 siout
425 951 496 1007 scitis,
507 952 531 995 in
544 953 661 1010 presentis
671 953 811 996 serenissimi
824 952 920 997 Donnni
932 952 1002 1011 Regis
1018 951 1160 997 Alemannis
1169 951 1355 1010 renerubilisqw

203 1033 274 1090 petris
288 1032 384 1077 Domini
397 1031 507 1091 angeri)
522 1034 686 1077 Coventreneis
703 1040 726 1078 et
742 1033 926 1078 Liebeieldensis
938 1032 1049 1092 Episcopi
1060 1038 1083 1076 et
1095 1038 1181 1087 neam,
1202 1045 1293 1077 necnon
1305 1039 1354 1078 toto

200 1113 299 1157 oonsilio
312 1113 407 1158 Domini
422 1113 492 1172 Regis
504 1113 591 1171 Anglie
602 1114 724 1158 assistente
735 1113 833 1165 ibidem,
850 1112 880 1157 de
893 1113 1014 1158 voluntste
1030 1113 1138 1159 unsnimi
1149 1118 1173 1158 et
1184 1127 1278 1158 essensu
1290 1127 1353 1158 com·

199 1194 267 1237 muni
279 1193 309 1237 ssl
326 1194 438 1238 bonorem
451 1193 495 1238 Dei
507 1201 530 1238 et
542 1193 679 1239 univemlis
690 1192 787 1238 ecclesie
801 1207 844 1238 sue
859 1203 948 1243 uncte.
960 1208 1052 1239 necnon
1070 1194 1100 1238 ssl
1117 1207 1268 1239 communem
1286 1194 1352 1252 regni

200 1275 336 1328 utilitatem,
348 1275 477 1320 delibereto
488 1275 595 1330 consiliu,
613 1275 739 1320 sulubriter
753 1275 873 1334 provisum
888 1275 978 1319 exstitit
989 1281 1013 1320 et
1024 1283 1148 1332 etstutum,
1160 1275 1276 1331 videlieet,
1287 1274 1352 1333 quoel

199 1354 282 1399 nullus
292 1353 307 1401 J
311 1356 387 1401 udeus
399 1357 551 1416 imposterum
563 1371 605 1416 per
615 1363 703 1402 eertum
717 1357 751 1400 vel
765 1356 855 1400 donum
864 1369 905 1399 seu
921 1369 963 1413 per
979 1355 1053 1400 slinm
1067 1370 1244 1413 quemeumque
1255 1356 1352 1400 titulum

197 1437 294 1482 ioelum
302 1438 387 1483 hebent
397 1439 432 1483 vel
444 1445 524 1484 tenent
534 1453 577 1483 seu
589 1438 690 1482 liberum
700 1444 862 1482 tenementum
872 1436 908 1481 vel
921 1437 1040 1481 redditum
1052 1450 1093 1481 seu
1105 1437 1202 1481 domum
1212 1437 1352 1481 Christianis

197 1518 232 1562 vel
242 1518 257 1562 J
261 1520 328 1563 ndcis
338 1518 469 1573 locsndsm,
477 1520 548 1563 domo
556 1526 656 1577 excepte
664 1532 735 1576 quum
744 1517 859 1562 inlrsbitet
868 1518 962 1576 proprie
975 1518 998 1560 in
1009 1531 1114 1575 persons,
1123 1531 1166 1560 nec
1175 1517 1205 1560 de
1213 1525 1291 1561 cetero
1301 1517 1350 1575 pls-

196 1601 253 1644 citet
263 1614 305 1658 per
312 1600 391 1643 brevis
398 1613 441 1657 per
448 1600 523 1657 legem
537 1599 603 1657 regni
612 1598 751 1643 torneiam·
760 1598 851 1656 prurire
860 1598 889 1642 de
898 1597 1175 1655 sliquibussuprsillctis.
1210 1597 1260 1641 Neu
1272 1599 1351 1643 breuis

196 1696 211 1725 n
222 1681 363 1725 cancellarie
373 1681 538 1726 concedentur
548 1680 636 1725 eistlem
644 1679 795 1739 sliquntenus
803 1680 833 1724 de
845 1679 963 1739 predictie.
975 1680 1029 1724 etsi
1041 1679 1204 1724 contebantur
1219 1693 1261 1737 pro
1277 1679 1350 1725 nullis

197 1762 329 1807 habeantur
344 1769 367 1807 et
379 1763 469 1807 viribus
483 1771 579 1807 osreent
591 1769 614 1806 et
625 1762 719 1806 ellectu.
754 1761 825 1818 Sene,
836 1776 892 1806 eum
903 1776 933 1806 ex
946 1760 1059 1806 dilutione
1070 1768 1094 1806 et
1105 1773 1171 1805 murs
1181 1760 1348 1819 pupliestionis

194 1845 276 1889 statuti
294 1851 317 1889 et
334 1845 472 1903 provisionis
489 1843 634 1903 hujusmodi,
649 1841 735 1889 Judeis
753 1844 848 1887 ionitsn
861 1851 977 1888 eteorum
993 1843 1123 1887 isumribus
1134 1841 1164 1886 ul
1177 1842 1229 1900 ejus
1239 1841 1348 1886 sdtrulln-

194 1924 283 1969 tionem
294 1925 462 1977 insistentibus,
474 1932 567 1984 possent
578 1924 702 1984 dispendis
719 1937 767 1969 non
780 1923 872 1969 modios
887 1924 981 1969 interim
996 1924 1127 1982 provenire,
1139 1923 1286 1968 devotionem
1300 1938 1347 1969 res-

194 2010 255 2049 trum
272 2006 295 2048 in
312 2005 407 2050 lionoris
422 2005 466 2050 Dei
482 2011 638 2064 sugmentum
649 2012 673 2049 et
684 2003 851 2049 exsltstionem
862 2004 917 2049 tidei
929 2004 1062 2048 Christiene
1079 2002 1208 2061 populique
1220 2003 1346 2061 Angliceni

193 2086 345 2130 commodum
362 2093 385 2130 et
400 2086 540 2144 proiectum,
556 2086 704 2144 presentibus
719 2085 832 2129 duximus
848 2083 1007 2138 excitsndsm,
1023 2091 1049 2128 ut
1067 2083 1183 2135 Dominis,
1199 2083 1346 2130 Cancellsrio

195 2165 291 2209 Domini
304 2165 380 2224 Regis,
389 2163 403 2211 J
407 2166 531 2210 usticisriie
540 2165 570 2209 de
583 2165 663 2209 Beneo
674 2172 698 2210 et
708 2163 838 2209 blsioribns
847 2164 926 2217 l'urie,
935 2163 976 2221 qui
988 2164 1066 2207 iuvere
1078 2169 1125 2207 trun
1137 2162 1170 2221 pii
1183 2163 1270 2221 negotii
1281 2164 1345 2211 robis

194 2247 287 2290 lucilius
304 2260 329 2290 se
347 2245 504 2300 inelimbunt,
521 2245 628 2303 diisque,
646 2243 778 2289 seeundum
795 2243 859 2301 quod
875 2242 982 2302 expediri
995 2242 1107 2296 videritis,
1119 2242 1187 2287 nobis
1197 2242 1343 2302 utlJ'uventss,

194 2328 285 2372 dictum
297 2332 412 2371 statutum
423 2340 479 2371 eum
491 2327 635 2380 mutumne,
651 2340 698 2384 qus
715 2325 828 2384 pon-ritu,
846 2323 969 2369 inrotuluri
985 2324 1076 2382 integre
1087 2330 1110 2367 ct
1121 2323 1237 2381 complete
1249 2331 1272 2368 et
1282 2338 1342 2383 pup

193 2408 257 2452 liceri
275 2408 428 2465 solempniter
438 2407 510 2452 ucles
520 2407 551 2451 sd
564 2407 700 2452 memorium
716 2407 892 2465 sempiternum.
926 2404 955 2449 ln
968 2404 1052 2449 homm
1063 2405 1202 2449 executione
1214 2404 1292 2449 taliter
1304 2420 1342 2450 ecre

192 2489 313 2544 lubentes,
327 2489 390 2548 quod
401 2489 615 2534 remuneretionem
630 2489 660 2533 sb
678 2487 807 2542 Altinimo,
821 2486 852 2531 ml
867 2487 938 2546 culus
948 2485 1045 2531 honoris
1055 2485 1180 2530 cumulum
1191 2485 1272 2530 isbors
1285 2483 1290 2548 Ι
1304 2488 1386 2561 lh'sv·
1400 2504 1446 2552 155
1458 2514 1488 2554 ¹⁰.

190 2571 304 2629 consequi
316 2570 419 2616 velentis.
455 2569 488 2616 Et
501 2570 566 2624 inde,
581 2569 660 2628 qnesd
677 2569 790 2628 proprios,
802 2569 867 2613 robis
878 2575 1000 2627 umquem
1017 2567 1066 2611 ulio
1083 2566 1181 2612 ecclesie
1192 2567 1342 2615 devotissimo

192 2658 309 2696 sccresoet
326 2653 464 2711 preeonium
480 2665 566 2712 megne
582 2651 668 2706 lsudis,
685 2664 727 2710 pro
741 2658 806 2696 eene
821 2651 902 2696 scituri
920 2649 985 2707 quod
1001 2647 1056 2693 lieet
1069 2648 1144 2707 aliqui
1163 2649 1188 2694 in
1206 2649 1340 2694 sninrerum

190 2748 287 2778 suerum
296 2733 428 2793 periculum
437 2734 468 2778 sd
477 2733 551 2793 ipsius
559 2733 643 2778 stetuti
654 2733 833 2778 enerrseionem
843 2737 969 2786 eonentnr,
978 2730 1062 2790 prelati
1073 2730 1104 2774 sd
1113 2730 1220 2789 ejunlem
1231 2730 1338 2775 obseres·

189 2816 279 2861 tionem
291 2815 431 2861 lsborsbunt
443 2830 486 2860 neo
498 2816 643 2875 permittent,
653 2815 716 2859 deut
727 2828 771 2859 neu
782 2814 879 2870 debent,
889 2812 955 2872 quod
967 2818 1087 2858 remsnest
1099 2812 1271 2871 imperfectum,
1282 2826 1338 2858 eum

188 2896 219 2942 ed
232 2897 276 2942 hoe
288 2913 318 2942 ex
330 2899 438 2958 injuncto
454 2898 499 2942 sibi
516 2897 592 2942 officio
607 2903 734 2942 tenesntur
744 2906 768 2942 et
778 2894 912 2941 eommunis
922 2893 1012 2940 utilius
1022 2900 1047 2939 et
1057 2893 1154 2938 evidens
1165 2893 1209 2939 hoe
1220 2901 1338 2952 espesost.

190 2977 280 3024 l'elete.
305 2979 395 3024 llstum
411 2978 475 3037 spud
495 2976 605 3037 Hsdlegs
620 2978 645 3022 in
657 2977 716 3022 iusto
727 2975 898 3022 Tnnslstiouis
911 2973 979 3022 Besti
989 2973 1079 3019 Thome
1091 2971 1203 3030 liertiris,
1213 2987 1277 3018 snno
1289 2972 1338 3018 Do·

186 3060 246 3104 mini
259 3059 303 3105 ΜΟ.
313 3059 370 3105 00⁰.
383 3059 554 3118 septuagesimo
565 3058 649 3117 primo.

447 3138 495 3184 Iste
505 3146 562 3183 sunt
575 3138 663 3183 littere
675 3137 746 3196 negt·
757 3137 845 3198 Anglie
856 3137 887 3182 de
897 3136 989 3182 eodem.

225 3218 368 3277 11(enricus)
383 3219 509 3276 Deigretis
521 3218 572 3263 ilex
584 3217 680 3275 Angue,
690 3217 808 3261 Dominus
819 3215 948 3274 Hybernie,
961 3214 1018 3260 Dux
1030 3214 1200 3272 Aequitsnnie,
1212 3212 1336 3261 dileetiset

186 3300 298 3344 fidelibus
317 3300 366 3343 suis
384 3298 468 3343 Muiori
485 3306 510 3343 et
523 3298 707 3343 l'ieeeomitibm
725 3296 904 3342 londonierum
917 3303 942 3341 et
956 3296 1068 3341 omnibus
1088 3295 1180 3340 bellisis
1190 3302 1214 3340 et
1225 3295 1336 3340 fidelibus

185 3380 242 3435 suis,
253 3378 283 3422 nt
296 3391 355 3436 quos
366 3385 485 3435 presentes
496 3376 574 3422 littere
582 3376 741 3435 pervenerint,
752 3376 862 3421 alutem.
894 3375 980 3421 Soletis
996 3373 1061 3433 quod
1078 3374 1109 3420 ut
1125 3374 1239 3421 bonomm
1251 3373 1296 3420 Dei
1308 3382 1332 3422 et

186 3459 325 3505 universatis
335 3458 474 3512 ecclesium
486 3457 676 3503 emendetionem
685 3462 709 3501 et
720 3455 849 3503 utilitstem
860 3463 922 3502 terre
932 3462 957 3500 et
967 3455 1134 3501 relerstienem
1145 3454 1333 3501 b'ltristisuerurn

184 3542 216 3586 de
233 3541 342 3599 dumpnis
358 3547 382 3585 et
401 3539 585 3599 grmnninibus,
606 3551 654 3596 qne
667 3537 832 3583 sustinuerunt
849 3537 971 3582 oceesione
990 3536 1119 3583 liberomm
1134 3542 1332 3593 teneumtorum,

183 3636 231 3679 que
247 3620 262 3664 J
266 3621 321 3664 ndei
338 3620 404 3678 regni
423 3619 496 3664 nostri
512 3618 648 3663 clsnnbent
665 3617 753 3662 hebere
770 3618 795 3662 in
813 3616 889 3671 terris,
898 3616 1046 3671 tenenentis,
1063 3616 1145 3672 leodis,
1156 3616 1296 3673 redditibus,
1308 3624 1333 3664 et

182 3703 235 3747 eliis
246 3703 344 3756 tenuris,
353 3709 376 3746 et
389 3715 418 3746 ne
437 3702 505 3746 nobis
523 3715 565 3746 seu
581 3700 745 3745 communitati
757 3699 825 3759 regni
842 3699 915 3744 nestri
928 3697 964 3743 sel
979 3698 1024 3756 ipsi
1044 3711 1118 3755 regno
1128 3696 1200 3756 ponit
1211 3696 1241 3741 de
1252 3704 1332 3743 cetero

183 3782 342 3841 prejudicium
354 3781 470 3840 generari,
479 3781 625 3839 providimus
636 3780 666 3825 de
677 3779 775 3824 consilio
786 3778 938 3838 prelstomm,
950 3784 1097 3837 magnatum,
1109 3785 1133 3821 et
1144 3790 1277 3836 procerum,
1288 3776 1330 3835 qui

182 3872 239 3908 sunt
257 3862 287 3907 de
305 3863 404 3907 consilio
421 3870 508 3917 nostro,
527 3877 556 3908 eo
575 3863 648 3907 ouem
664 3860 826 3906 enlinsvimus
845 3866 869 3905 et
883 3860 1009 3904 ststulruus
1026 3873 1069 3918 pru
1085 3858 1153 3903 nobis
1167 3865 1191 3902 et
1204 3857 1331 3904 heredibus

182 3944 274 3998 nostris,
286 3942 350 4001 quod
363 3943 444 3988 nullus
453 3941 548 3988 Judeus
557 3943 658 3988 liberum
667 3946 830 3987 tenementum
838 3939 924 3985 lrsbsst
933 3939 957 3983 in
967 3939 1086 3994 ment-riis,
1095 3938 1172 3991 terris,
1180 3938 1329 3993 tenementis,

183 4025 265 4085 leodis,
277 4025 418 4081 redditibrn,
432 4025 467 4069 rel
485 4024 576 4070 tenuris
590 4023 782 4085 quibuscumque
797 4035 841 4083 per
851 4027 950 4078 mem,
960 4019 1060 4079 donum,
1078 4017 1256 4077 tenementum,
1272 4031 1328 4069 con·
