3540 4830
452 479 710 526 vrcucorsrrusr
737 478 1021 526 nonnourneuu.
1252 465 1313 538 117

162 634 203 699 sd
228 631 412 698 iaciendum
438 632 562 698 dictum
588 632 776 711 servitium,
805 631 897 698 ecoe!
928 631 963 697 in
978 630 1096 717 Vigilia
1120 632 1231 699 Sancti
1246 634 1314 698 Ed·

163 736 261 799 wardi
285 735 361 799 fecit
372 734 535 800 Dominus
551 736 622 799 Rex
637 735 834 818 proclamare
850 733 884 797 in
899 733 986 819 regia
1000 734 1072 799 aulo
1088 735 1314 800 Westmonas-

162 836 246 916 terii,
261 845 295 900 et
319 835 417 900 etiam
443 836 477 899 in
502 837 573 900 foro
599 836 857 915 Londoniarum,
871 836 959 921 quod
985 836 1055 922 ipse
1079 859 1145 901 non
1160 837 1223 901 ruit
1237 860 1316 902 con·

164 939 270 1002 sultus
294 937 381 1022 quod
405 947 483 1001 tunc
508 945 653 1022 portaret
677 959 841 1004 coronam.
896 939 984 1003 Nam
1010 937 1089 1003 satis
1104 937 1239 1004 deberet
1252 938 1315 1004 sibi

165 1040 311 1106 sufficere
335 1039 435 1104 semel
458 1060 610 1104 coronam
633 1050 774 1124 portare,
788 1051 823 1106 et
845 1041 934 1126 quod
960 1041 1080 1120 nullus,
1095 1063 1200 1127 neque
1227 1043 1312 1107 Lon·

167 1143 339 1207 donienses
354 1163 460 1226 neque
475 1141 539 1219 alii,
555 1141 588 1205 in
604 1143 745 1207 crastino
761 1164 869 1206 coram
896 1143 968 1227 ipso
993 1143 1033 1209 de
1055 1144 1163 1230 aliquo
1181 1145 1316 1210 servicio

167 1267 201 1309 se
233 1244 474 1323 intromitteret,
495 1244 557 1308 nisi
584 1243 646 1328 ipsi
675 1244 903 1311 tantummodo
932 1245 988 1328 qui
1014 1256 1092 1310 sunt
1117 1247 1157 1311 de
1188 1246 1318 1332 propria

168 1347 287 1410 familia
302 1369 371 1411 sua.
416 1346 474 1412 Set
483 1346 667 1430 quicunque
678 1345 720 1409 ad
734 1345 907 1430 prandium
919 1346 1029 1413 venire
1040 1347 1208 1427 voluisset,
1218 1347 1318 1432 gratis

167 1450 381 1534 reciperetur,
405 1459 438 1513 et
465 1449 512 1514 sic
535 1449 694 1513 omissum
720 1449 782 1513 suit
804 1448 884 1512 illud
911 1447 1020 1513 nobile
1044 1449 1211 1514 servitium
1227 1451 1318 1515 Lon·

168 1553 385 1617 doniensium.
428 1553 564 1631 Tamen,
586 1553 620 1617 in
635 1552 777 1618 crastino
793 1551 903 1629 Cives,
918 1551 973 1635 qui
997 1552 1157 1636 preparati
1177 1553 1318 1631 suerunt,

167 1656 208 1718 ad
225 1655 552 1719 westmonasterium
576 1654 712 1740 profecti
738 1664 827 1732 sunt,
841 1653 963 1717 nullam
987 1675 1103 1738 cupam
1119 1654 1170 1719 vel
1185 1654 1317 1739 ciphum

169 1757 371 1834 deferentes3
394 1766 444 1821 set
453 1755 498 1820 ibi
508 1778 614 1820 coram
631 1756 776 1821 Domino
792 1757 880 1841 Rege
896 1755 1051 1819 Sanctum
1062 1778 1136 1820 curu
1146 1755 1319 1820 oblationi·

168 1859 230 1922 bus
247 1859 427 1922 adurentes.
468 1858 550 1923 Post
571 1858 703 1922 missam
718 1880 806 1937 vero,
825 1857 880 1943 qui
895 1857 1079 1936 voluerunt,
1093 1868 1320 1923 remanserunt

168 1961 208 2027 ad
219 1961 401 2044 prandium,
416 1959 517 2024 etalii
532 1960 572 2024 ad
588 1961 718 2045 propria
733 1962 908 2026 redierunt.

214 2062 341 2126 Eodem
367 2062 419 2126 die
442 2061 519 2126 fecit
535 2062 603 2125 Rex
620 2063 792 2127 transferre
807 2085 925 2148 corpus
937 2062 1048 2128 Sancti
1064 2062 1199 2147 predicti
1215 2086 1233 2127 a
1248 2063 1320 2127 loco

169 2165 226 2230 ubi
248 2166 393 2250 positum
418 2166 532 2243 fuerat,
544 2165 674 2249 quando
700 2166 733 2229 in
760 2165 874 2250 primis
889 2167 1081 2230 translatum
1097 2166 1160 2231 fuit
1174 2176 1320 2252 tempore

172 2269 270 2353 Regis
284 2269 417 2333 Henrici
430 2268 562 2333 secundi
575 2293 584 2346 3
605 2279 638 2333 et
654 2268 817 2345 scrinium,
829 2268 861 2332 in
877 2273 965 2352 lquo
976 2269 1073 2352 jacet,
1084 2291 1158 2333 curn
1174 2291 1320 2355 corpore,
1327 2295 1364 2354 so,
1377 2292 1423 2342 117
1437 2301 1468 2340 n,

174 2371 208 2433 in
223 2370 286 2433 alio
301 2370 373 2433 loco
388 2369 548 2447 collocari,
563 2368 618 2433 ubi
635 2391 721 2432 nunc
740 2370 837 2453 jacet.
852 2381 887 2434 et
912 2389 1010 2452 super
1028 2370 1183 2433 Sanctum
1199 2392 1318 2434 noram

171 2471 335 2534 basilicam
362 2471 442 2549 fieri,
457 2481 561 2537 totam
587 2493 666 2535 auro
692 2471 867 2557 purissimo
882 2480 916 2535 et
929 2471 1067 2556 gemmis
1093 2472 1248 2557 preciosis
1263 2494 1318 2537 co·

170 2583 315 2657 opertam
331 2582 365 2636 et
383 2582 539 2637 ornatam.

215 2677 293 2740 Non
325 2687 377 2741 est
406 2675 466 2739 sub
497 2675 626 2739 silentio
649 2674 914 2760 pretereundum,
943 2698 1018 2741 cum
1048 2676 1320 2762 Archiepiscopus

173 2779 400 2856 Eboracensis,
416 2778 522 2842 adhuc
538 2779 570 2840 in
587 2778 725 2843 elatione
742 2800 800 2842 sua
815 2799 1036 2864 perseverans,
1051 2779 1181 2845 iecisset
1195 2792 1269 2846 ante
1285 2804 1320 2845 se

172 2903 300 2945 crucem
316 2904 408 2944 suam
432 2891 561 2964 portare
576 2880 608 2943 in
626 2880 840 2965 prejudicium
856 2881 989 2946 ecclesie
1002 2880 1188 2959 cantuarie,
1202 2893 1236 2945 et
1251 2882 1320 2967 ipse

171 2984 225 3047 illa
240 2983 291 3046 die
308 2982 426 3047 ibidem
445 2992 590 3067 preesset
604 2982 645 3046 ad
671 2983 781 3046 divina
795 2982 995 3061 celebranda,
1011 2981 1098 3066 quod
1113 2983 1221 3047 nullus
1236 2985 1321 3068 epis·

172 3107 339 3169 coporum,
363 3085 418 3169 qui
448 3097 615 3169 presentes
638 3087 779 3165 fuerunt,
802 3108 916 3150 omnes
938 3085 1178 3171 pontificalibus
1204 3086 1322 3165 induti,

171 3188 227 3270 qui
261 3209 337 3250 vero
366 3199 522 3251 venerant
550 3210 608 3272 per
637 3198 827 3272 preceptum
858 3188 966 3272 Regis,
996 3187 1123 3251 circiter
1150 3187 1205 3271 xiij
1236 3189 1321 3272 epis·

172 3289 245 3372 copi
268 3289 308 3354 de
335 3289 452 3372 Anglia
477 3289 574 3352 etde
597 3290 744 3373 partibus
762 3289 996 3367 transmarinis,
1014 3289 1118 3352 voluit
1143 3290 1234 3374 sequi
1249 3312 1322 3375 pre·

174 3390 297 3453 dictum
313 3389 603 3473 Archiepiscopum
618 3391 660 3454 ad
675 3390 926 3475 processionem,
937 3390 1066 3474 quando
1081 3412 1199 3475 corpus
1211 3391 1322 3458 Sancti

173 3491 292 3554 circum
323 3500 488 3574 portatum
519 3490 599 3568 suit3
638 3493 694 3555 sed
721 3512 835 3555 omnes
861 3491 894 3554 in
924 3489 1059 3554 ecclesia
1087 3505 1322 3560 remanserunt.

174 3594 339 3671 Similiter,
353 3593 483 3675 quando
507 3613 625 3676 corpus
650 3592 842 3658 collocatum
867 3593 938 3665 suit,
950 3593 1006 3656 ubi
1033 3615 1119 3659 nunc
1140 3595 1238 3680 jacet,
1252 3596 1323 3682 ipse

174 3697 262 3760 solus
278 3695 461 3772 turificarit,
472 3694 624 3758 omnibus
639 3695 709 3759 aliis
724 3695 885 3780 episcopis
901 3695 1090 3760 sedentibus
1105 3699 1324 3782 supersedilia

172 3799 206 3862 in
223 3798 324 3862 stallis
340 3798 582 3862 monachorum.
627 3798 673 3862 Et
695 3808 784 3876 tunc,
800 3798 942 3882 quidem,
954 3799 1107 3881 quamdiu
1121 3800 1191 3884 ipse
1206 3801 1269 3866 suit
1289 3802 1323 3866 iu

174 3899 319 3986 panibus
335 3899 590 3977 londoniarum,
606 3900 667 3964 suit
678 3900 896 3979 interdictum,
911 3910 944 3964 et
960 3899 992 3963 in
1008 3901 1160 3967 omnibus
1176 3904 1255 3969 locis
1264 3929 1275 3985 3
1290 3915 1325 3972 et

174 4004 262 4067 omni
278 4002 392 4068 codem
409 4003 518 4079 modo,
533 4001 617 4067 sicut
631 4002 665 4067 in
681 4003 743 4067 boc
758 4001 840 4068 libro
855 4013 1052 4089 prenotatur.
