3540 4830
764 425 940 468 ennrncn.
1322 410 1447 474 ccxxvii

247 585 362 642 corpore
376 588 436 625 suo.
478 570 517 627 Et
541 571 657 629 ulterius
676 576 816 650 juratores
840 578 957 653 predicti
979 579 1074 636 dicunt
1097 580 1172 656 quod
1196 579 1336 655 predictus
1360 581 1448 639 Frau-

247 663 337 720 ciscus
352 663 461 732 Lovell‚
477 667 500 721 si
514 674 637 742 tempore
651 671 748 727 mortis
762 671 829 728 dicti
843 674 1011 730 vicecomitis
1022 675 1122 731 fuisset
1140 676 1168 730 in
1183 675 1264 750 plena
1279 677 1335 733 vita
1349 687 1377 733 et
1390 696 1446 734 nou

246 761 380 817 attinctus
405 762 439 818 de
463 763 520 819 alta
543 766 702 840 prodicione
723 788 771 824 seu
790 769 902 838 felonia,
921 779 995 828 essct
1017 773 1159 847 proximus
1182 772 1265 829 heres
1286 772 1353 830 dicti
1375 775 1435 832 vice

248 858 367 925 comitis,
388 859 525 928 videlicet,
550 862 623 918 filius
646 863 776 922 Johanue
801 868 904 923 sororis
926 869 993 925 dicti
1010 869 1143 925 Wiilelmi
1158 870 1336 927 Vicecomitis
1350 881 1379 928 et
1392 871 1448 928 filie

247 952 386 1011 Johaunis
407 974 495 1030 nuper
511 957 688 1015 Vicecomitis
710 961 874 1030 Bcaumont,
899 965 985 1039 patris
1007 966 1193 1040 predictorum
1209 967 1344 1023 Willelmi
1367 968 1448 1024 Vice-

248 1053 355 1108 comitis
369 1061 397 1109 et
412 1051 550 1121 Johanue‚
574 1065 602 1111 et
622 1057 698 1131 quod
716 1060 871 1132 predictum
890 1064 1045 1118 manerium
1068 1072 1096 1119 et
1120 1074 1213 1120 cetura
1235 1066 1369 1139 premissa
1384 1084 1448 1122 cum

247 1151 304 1206 suis
328 1152 501 1226 pertinentiis
526 1154 632 1228 prefato
655 1155 802 1213 Francisco
822 1158 987 1216 descendere
1008 1160 1176 1229 debuissent,
1188 1172 1219 1218 ut
1242 1153 1447 1238 consanguineo

247 1255 276 1303 et
289 1246 384 1304 heredi
398 1250 522 1324 ejusdem
533 1252 701 1309 vicecomitis
716 1254 849 1311 informa
864 1257 1003 1331 predicta;
1018 1269 1145 1333 pretextu
1160 1279 1279 1335 quorum
1294 1260 1447 1316 manerium

248 1344 401 1418 predictum
415 1367 447 1403 ac
462 1357 553 1404 cetera
574 1352 707 1424 premissa
732 1352 760 1406 in
777 1372 861 1409 manu
881 1355 997 1428 predicti
1018 1375 1106 1431 nuper
1131 1356 1217 1430 Regis
1237 1357 1407 1414 devenerunt
1420 1367 1449 1415 et

247 1440 376 1499 devenire
398 1444 554 1502 debuerunt
573 1455 601 1502 et
622 1448 650 1502 in
670 1449 797 1504 manibus
820 1450 923 1506 domini
948 1451 1034 1527 Regis
1059 1473 1133 1509 nunc
1155 1455 1276 1510 existant
1290 1463 1318 1510 et
1332 1456 1448 1511 existere

248 1539 357 1596 debent.
400 1541 438 1598 Et
465 1542 560 1599 dicunt
583 1544 659 1618 quod
682 1545 821 1619 predictus
846 1547 1005 1604 Willelmus
1031 1549 1194 1606 Vicecomes
1222 1551 1291 1607 obiit
1314 1552 1377 1606 xix⁰
1404 1550 1448 1608 die

250 1636 414 1695 Decembris
425 1659 499 1695 anuo
514 1640 579 1696 dicti
594 1660 682 1716 nuper
695 1641 782 1716 Regis
797 1644 887 1710 xxiii⁰‚
898 1655 924 1700 ct
939 1645 1014 1719 quod
1031 1646 1150 1702 Brianus
1166 1646 1313 1722 Stapylton
1328 1646 1407 1703 miles
1421 1656 1449 1704 ct

248 1734 392 1792 Johannes
422 1735 527 1791 Norres
555 1738 675 1812 armiger
703 1749 767 1794 sunt
795 1739 860 1795 dicti
886 1742 1063 1797 vicecomitis
1088 1742 1204 1798 heredes
1227 1743 1448 1818 propinquiores.

248 1832 384 1900 videlicet,
399 1833 538 1907 predictus
554 1834 672 1890 Brianus
687 1835 759 1891 filius
774 1836 913 1903 Johanue‚
928 1838 983 1894 filie
1006 1839 1077 1895 dicte
1099 1839 1238 1905 Johaune,
1260 1841 1363 1895 sororis
1382 1839 1448 1896 dicti

249 1929 437 1997 Vicecomitis‚
457 1939 486 1986 et
499 1930 639 2005 predictus
653 1931 798 1988 ,Iohannes
815 1932 920 1989 Norres
941 1934 1014 1990 tilius
1031 1934 1203 2000 Fridiswide,
1225 1934 1277 1990 alie
1297 1934 1351 1990 filie
1375 1934 1447 1991 dicte

248 2026 387 2095 Johanue,
409 2028 511 2084 sororis
525 2028 590 2084 dicti
607 2029 794 2096 vicecomitis;
815 2040 843 2087 ct
864 2031 939 2105 quod
958 2032 1097 2107 predictus
1113 2032 1271 2088 Wilieimus
1288 2032 1447 2088 Vieccomea

250 2125 406 2182 Beaumout
419 2125 496 2182 nulia
509 2126 564 2182 alia
578 2126 636 2181 sive
650 2126 729 2201 plura
745 2136 833 2183 terras
855 2148 903 2183 seu
922 2137 1078 2184 tenemento
1100 2128 1198 2186 habuit
1219 2129 1276 2185 sive
1294 2130 1383 2184 tenuit
1396 2148 1448 2185 nec

248 2225 276 2279 in
292 2223 429 2279 dominico
443 2243 494 2280 nec
509 2224 536 2278 in
552 2224 668 2279 servicio
684 2243 733 2279 ncc
754 2225 783 2279 in
804 2227 961 2281 reversione
983 2226 1057 2282 dicto
1080 2227 1123 2282 die
1148 2246 1204 2301 quo
1229 2227 1306 2290 obiit,
1331 2236 1357 2281 et
1373 2226 1448 2300 quod

250 2322 369 2378 Briauus
385 2320 531 2398 Stapyiton
547 2321 625 2377 miles
639 2331 667 2378 et
680 2321 824 2378 Johaunes
846 2322 953 2379 Norres
971 2325 1092 2399 armiger
1114 2333 1179 2379 sunt
1199 2323 1265 2379 dicti
1279 2322 1447 2378 vicecomitis

248 2417 363 2475 heredes
378 2416 597 2493 propinquiores,
618 2416 745 2472 videlicet
769 2418 888 2474 Brianus
907 2418 1053 2494 Stapylton
1069 2420 1142 2476 filius
1161 2419 1290 2476 ,Iohanne
1305 2419 1359 2474 filie
1374 2417 1447 2473 dicte

248 2514 379 2573 Johanne
406 2515 508 2570 sororis
536 2514 603 2569 dicti
629 2513 816 2579 Vicecomitis‚
843 2525 871 2570 et
897 2514 1037 2588 predictus
1065 2514 1210 2572 Johannes
1239 2514 1345 2571 Norres
1373 2513 1446 2569 filius

250 2610 427 2689 Frcdyswide
441 2610 494 2667 alie
508 2611 565 2666 filie
580 2611 653 2667 dicte
667 2609 796 2666 Johannc
820 2611 922 2666 sororis
942 2611 1007 2666 dicti
1024 2610 1211 2677 VicecomitiS,
1226 2621 1253 2666 et
1267 2610 1342 2686 quod
1356 2610 1447 2667 dictus

250 2709 369 2765 Brianus
381 2718 505 2784 tempore
516 2708 653 2782 capcionis
665 2706 749 2782 bujus
763 2707 951 2782 inquisitionis
962 2707 1015 2763 fuit
1030 2707 1110 2782 plene
1120 2708 1211 2774 etatiS,
1226 2707 1353 2763 videlicet
1366 2707 1448 2763 etatis

247 2808 313 2862 xxvi
327 2826 462 2863 annorum
484 2806 658 2880 etamplius,
682 2813 710 2860 et
733 2804 808 2880 quod
831 2805 921 2861 dictus
942 2805 1087 2862 Johonncs
1110 2805 1216 2862 Norrcs
1237 2816 1361 2881 tempore
1382 2823 1446 2880 cap-

247 2905 333 2962 cionis
348 2903 432 2980 hujus
454 2903 638 2977 inquisitionis
657 2903 710 2959 fuit
731 2903 812 2959 etatis
826 2904 872 2958 xix
886 2922 1023 2960 annorum
1043 2905 1213 2979 etamplius.
1256 2903 1289 2960 In
1303 2905 1384 2979 cujus
1405 2903 1446 2960 rei

248 3003 435 3060 testimouium
450 3009 507 3057 tam
522 3000 588 3056 dicti
610 3001 839 3057 commissionarii
854 3021 938 3075 quam
959 3002 1077 3077 predicti
1097 3003 1238 3077 juratores
1252 3001 1317 3058 huic
1331 3001 1445 3077 inquisi-

247 3100 315 3155 tioni
329 3098 420 3173 sigilla
435 3117 485 3154 sua
498 3095 711 3173 apposuerunt.''

287 3193 368 3260 donn,
397 3193 536 3268 daughter
563 3193 596 3249 of
619 3192 695 3249 Joim
723 3192 859 3247 Viscount
884 3192 1039 3248 Beaumont
1067 3192 1122 3247 and
1151 3192 1233 3247 sister
1256 3190 1288 3247 oi
1318 3190 1444 3248 william

248 3292 385 3348 Viscount
399 3292 556 3348 Beaumont
570 3289 625 3345 and
640 3288 717 3345 Lord
733 3288 859 3355 Burdolf,
873 3289 982 3345 mother
996 3289 1029 3345 of
1047 3288 1161 3345 Francis
1177 3288 1316 3345 Viscount
1331 3285 1442 3354 Loveii,

248 3388 281 3445 of
296 3387 370 3444 Joan
385 3387 447 3443 wife
462 3387 494 3443 of
515 3387 561 3445 Sir
577 3386 661 3441 Briau
684 3385 833 3462 Stapyltou
845 3385 877 3441 of
899 3386 1016 3444 Carlton
1031 3386 1058 3440 in
1076 3386 1172 3448 Balue,
1187 3404 1203 3441 a
1226 3402 1325 3440 mauor
1346 3383 1374 3438 in
1395 3381 1444 3438 the

247 3485 342 3563 parish
358 3485 390 3541 of
402 3484 511 3552 suaith,
526 3504 596 3540 com.
609 3484 695 3539 Ebor.
710 3483 819 3557 might,
831 3481 886 3537 aud
898 3483 930 3537 of
952 3481 1129 3557 Frcdyswide
1144 3482 1206 3537 wife
1220 3480 1253 3537 of
1265 3480 1311 3536 sir
1321 3478 1443 3535 Edward

248 3585 354 3642 Norres
369 3584 402 3639 of
423 3581 589 3647 Yattenden,
601 3601 672 3637 com.
685 3580 782 3647 Berks,
794 3578 903 3653 might,
918 3580 1042 3635 married
1054 3578 1114 3633 first
1125 3577 1202 3635 John
1214 3576 1322 3640 Lovell,
1333 3575 1442 3650 kuight,

248 3682 324 3740 Lord
347 3679 445 3737 Loveii
468 3679 500 3735 of
520 3677 710 3743 Titchmarsh‚
726 3696 796 3734 com.
813 3675 930 3740 North¹¹‚
952 3675 1085 3731 deceased
1105 3672 1156 3728 9th
1181 3671 1443 3731 Jan.4Edv.1V.

249 3781 343 3845 1465;
364 3777 420 3836 and
434 3775 575 3854 secondiy,
592 3775 637 3833 Sir
649 3774 772 3829 Wiiliam
789 3772 903 3849 Stanley
918 3773 951 3828 ot'
964 3772 1035 3827 Holt
1050 3771 1156 3836 Cestio,
1168 3790 1238 3826 coru.
1254 3768 1397 3844 Denbigh‚
1412 3788 1444 3825 aa

246 3897 286 3934 we
299 3877 375 3932 icam
389 3875 491 3931 froma
505 3873 601 3929 recitai
612 3873 645 3928 of
655 3872 750 3927 letters
764 3879 873 3945 patents
885 3870 973 3925 under
987 3869 1034 3925 the
1045 3877 1123 3943 great
1133 3868 1198 3934 seul,
1209 3868 1324 3942 bearing
1339 3867 1402 3924 date
1416 3875 1446 3922 at

247 3976 456 4043 Wcstminstcr,
472 3972 519 4028 the
537 3972 604 4028 leth
619 3971 672 4047 day
688 3970 721 4024 of
733 3968 902 4036 November,
917 3966 964 4024 the
979 3966 1042 4023 fifth
1057 3986 1122 4044 year
1134 3967 1166 4022 of
1177 3965 1224 4023 the
1236 3967 1313 4040 reign
1323 3966 1355 4022 of
1368 3965 1446 4040 King
