3540 4830
482 388 524 447 58
836 399 997 445 csosrcs
1022 396 1199 443 sssrosnss
1225 398 1270 443 ss

481 551 523 615 de
555 549 722 615 Cornitstu
751 548 956 626 Midelscsie,
984 558 1181 613 conventum
1213 547 1286 625 nit,
1307 545 1395 633 quod
1408 544 1635 611 Viocconsites

482 652 724 717 Londonicrum
740 662 878 737 possunt
892 652 1010 715 intrare
1033 650 1066 715 in
1087 650 1239 714 omnibus
1254 650 1340 715 villis
1362 662 1397 715 ct
1418 648 1635 723 tenementis.

480 777 543 839 que
567 754 678 818 Abbss
707 753 806 818 habet
830 754 863 817 in
889 752 1114 817 Midclscsism
1139 775 1241 836 usque
1267 752 1308 817 sd
1334 762 1461 838 portum
1486 750 1635 817 Abusus

481 878 550 933 suc,
564 868 597 921 et
613 856 656 919 ibi
673 856 944 919 summonitiones
959 856 1062 919 tscerc
1076 866 1109 918 ct
1124 854 1316 939 distringere
1330 853 1483 919 omnibus
1508 852 1635 931 modis,

480 958 565 1021 sicut
581 957 614 1020 in
638 956 833 1020 tenementis
848 956 982 1019 eliorum
998 954 1096 1019 iibere
1116 955 1297 1019 tenentium
1324 953 1357 1016 in
1381 952 1574 1027 Comitstus
1595 964 1635 1021 et

477 1058 565 1141 qood
580 1067 729 1122 tenentes
743 1056 880 1121 Abtnns
900 1056 942 1119 sd
967 1056 1152 1121 Comitatus
1175 1067 1209 1120 et
1233 1056 1275 1119 sd
1299 1054 1479 1121 Hundreds
1504 1068 1633 1123 mn

475 1157 578 1221 fucere
601 1156 732 1234 debent,
758 1168 791 1220 et
817 1157 926 1220 omnis
951 1157 1013 1220 elis
1036 1157 1181 1233 servicis,
1206 1177 1269 1241 quc
1292 1156 1385 1221 liberi
1410 1166 1563 1221 tenentes
1587 1156 1633 1223 dc

475 1260 620 1344 predicto
646 1259 813 1323 Comitstu
829 1260 931 1323 fucere
958 1259 1075 1323 solent.
1133 1260 1258 1337 Pontes,
1282 1280 1437 1344 processu
1456 1260 1635 1345 temporis,

475 1364 639 1447 predictus
654 1362 764 1427 Abbss
780 1374 814 1427 et
829 1360 1022 1426 Conventus
1037 1384 1117 1425 snus
1132 1384 1189 1447 per
1203 1373 1325 1427 cartam
1343 1383 1436 1427 susm
1460 1362 1633 1429 communi

475 1465 579 1549 sigillo
594 1486 705 1529 corum
722 1464 903 1547 similatum,
927 1464 1118 1527 remiserunt
1134 1463 1272 1527 Civibus
1296 1485 1428 1528 omnem
1452 1464 1633 1545 sotionem,

475 1588 571 1650 quarn
587 1566 770 1631 habuerunt
783 1566 816 1630 in
834 1566 870 1629 M
876 1565 1061 1643 iddlescsis,
1083 1564 1251 1629 occasione
1267 1564 1490 1649 prenominstc
1504 1578 1595 1631 esne
1608 1588 1633 1631 s

476 1670 619 1734 Domino
655 1670 741 1753 Rege
771 1669 941 1754 impetrate
975 1668 1017 1731 sd
1043 1668 1255 1752 prejudicium
1294 1668 1437 1745 Civium,
1465 1668 1633 1755 imperpe-

475 1781 587 1850 tuum;
608 1772 695 1856 quod
712 1782 824 1857 postes
839 1792 904 1835 non
920 1771 1022 1835 stetit.

520 1874 594 1937 Hoc
609 1895 694 1936 enno
710 1872 742 1934 in
759 1872 971 1955 pnrinmento,
987 1882 1062 1956 post
1084 1870 1281 1955 quindenum
1305 1870 1415 1936 Sancti
1443 1871 1632 1953 Michselis,

476 1973 591 2036 iterum
608 1984 678 2035 ortu
693 1983 743 2035 est
758 1973 915 2035 dissentio
940 1972 1024 2034 inter
1052 1972 1231 2035 Dominum
1249 1973 1370 2057 Regem
1394 1986 1427 2037 ct
1442 1974 1628 2059 predictum

477 2073 639 2136 Comitem
658 2073 842 2156 Lcyccstric
853 2085 886 2136 et
900 2072 1075 2157 complices
1091 2094 1179 2136 suos.
1225 2074 1297 2137 Res
1310 2074 1394 2138 cnim
1411 2087 1444 2139 ct
1462 2076 1629 2143 Dominus

477 2175 657 2238 Erinnrdus
672 2174 811 2239 etmulti
826 2187 993 2259 mngnstes
1005 2174 1106 2257 regni,
1115 2174 1170 2259 qui
1180 2175 1226 2238 eis
1237 2176 1445 2254 adheserunt,
1453 2177 1632 2247 voluerunt

476 2290 513 2341 ut
528 2275 680 2340 omnibus
704 2277 778 2352 iilis,
805 2277 924 2360 quibus
951 2277 1071 2362 injuste
1094 2277 1345 2359 depredacioncs
1370 2300 1427 2343 scu
1449 2290 1632 2365 trsnsgres-

476 2380 583 2443 sioncs
600 2380 681 2442 fuctc
697 2379 836 2455 fuerunt,
847 2378 979 2462 justicia
1000 2377 1226 2455 cshibcretur;
1251 2378 1292 2443 sd
1318 2380 1405 2463 quod
1429 2402 1503 2465 psrs
1526 2382 1632 2449 sltem

475 2480 580 2543 noluit
594 2480 760 2543 assentire.
801 2480 917 2543 Postea
939 2480 1006 2543 itcs
1023 2480 1137 2557 soluit,
1153 2492 1188 2543 ut
1210 2480 1254 2544 iili
1277 2480 1331 2564 qui
1347 2480 1467 2545 debent
1491 2502 1564 2547 csse
1586 2484 1630 2551 de
1711 2538 1722 2557 .

475 2583 595 2645 furnilin
610 2582 726 2643 (lomus
742 2604 810 2655 suc,
827 2583 964 2645 fuissent
980 2603 1037 2666 per
1053 2582 1160 2667 ipsum
1176 2584 1268 2648 ciccti
1284 2596 1316 2646 ct
1332 2584 1365 2647 in
1381 2584 1487 2647 officio
1501 2588 1613 2669 positi.

518 2684 611 2745 Tunc
626 2684 782 2767 temporis
800 2684 961 2747 Dominus
980 2684 1168 2759 Edwardus,
1184 2684 1245 2747 sub
1259 2685 1366 2748 colore
1388 2687 1539 2751 visitandi
1567 2712 1630 2755 ux·

475 2806 563 2849 orcm
580 2806 682 2859 sunm,
698 2786 830 2847 intrusit
845 2786 876 2848 in
895 2786 1049 2848 Castrum
1065 2786 1106 2849 dc
1123 2785 1332 2869 Wyndcsiror
1346 2801 1378 2853 ct
1400 2789 1444 2852 ibi
1460 2812 1494 2854 se
1510 2794 1629 2861 tenuit.

477 2889 546 2951 Iter
567 2898 675 2950 sutem
691 2886 724 2949 in
741 2888 882 2951 crastino
901 2908 995 2950 mnne
1016 2888 1180 2951 recessitis
1200 2888 1490 2955 ii'cstmonsstcrio
1514 2915 1630 2959 sersus

475 2988 598 3052 dictum
615 2988 779 3064 Castrum,
790 3000 822 3049 ct
839 2987 871 3050 in
887 3012 926 3051 eo
943 2987 1073 3050 intrusit
1090 3010 1163 3051 curn
1181 2990 1259 3063 suis,
1271 2989 1388 3073 quibus
1401 2992 1515 3069 soluit,
1530 3018 1629 3079 quesn

476 3089 569 3153 multi
588 3088 734 3151 Comites
749 3098 782 3152 ct
801 3088 954 3165 Rusones,
974 3087 1027 3171 qui
1044 3109 1117 3151 cum
1134 3110 1174 3153 eo
1199 3101 1385 3167 tenuerunt,
1411 3108 1488 3157 sunt
1515 3100 1631 3179 secuti,

478 3192 607 3257 Comitc
625 3190 798 3255 Lcicestric
814 3202 847 3255 et
862 3189 1076 3274 complicibus
1092 3191 1161 3253 suis
1183 3192 1216 3255 in
1240 3192 1420 3259 hordoniis
1444 3197 1629 3282 hospitatis.

480 3295 606 3372 i‘ostes,
629 3306 763 3378 utruquc
791 3315 864 3380 psrs
891 3294 1002 3379 posuit
1027 3316 1062 3359 sc
1089 3294 1122 3358 in
1147 3294 1279 3360 arbitrio
1305 3298 1402 3381 Regis
1430 3300 1561 3365 Francic
1586 3304 1630 3369 dc

478 3398 622 3481 predicta
636 3397 855 3462 contentione.

526 3500 598 3563 iloc
613 3522 699 3562 nrino
715 3500 831 3564 iturum
843 3500 965 3563 cicctns
980 3512 1029 3563 cst
1047 3500 1155 3565 Maior
1168 3502 1312 3566 Thomas
1328 3504 1414 3568 filius
1428 3505 1554 3569 ‘liromc
1570 3528 1629 3591 per

481 3602 649 3685 populum,
665 3603 892 3666 Aidennnnnis
915 3615 1023 3666 sutcm
1049 3616 1084 3667 ct
1109 3603 1318 3687 Mugnutibus
1343 3608 1492 3671 Cisitstis
1514 3630 1628 3691 frumin

481 3726 579 3787 supcr
595 3704 656 3765 hoc
670 3705 840 3773 consuitis.
854 3718 887 3767 ct
912 3706 1022 3768 ststim
1045 3706 1185 3789 junctus,
1200 3709 1295 3772 sicuti
1318 3724 1412 3772 ssitcn
1427 3710 1555 3773 duobus
1570 3734 1629 3775 sn·

485 3806 535 3867 nis
552 3806 800 3890 prcccdcntiiius
816 3808 929 3881 fucrnt,
953 3808 1040 3890 quod
1066 3831 1250 3893 nune-quam
1275 3812 1356 3875 eiius
1384 3813 1490 3875 Mnior
1514 3815 1630 3891 incrst,

482 3906 544 3969 nisi
569 3908 659 3990 prius
680 3908 842 3972 admissus
858 3908 953 3973 fuerit
969 3932 988 3973 s
1004 3910 1092 3995 lte-gc
1109 3912 1158 3975 sci
1173 3933 1193 3974 s
1214 3912 1396 3979 Buronibus
1412 3916 1480 3978 suis
1495 3914 1536 3979 dc
1551 3920 1630 3981 Ses-
