3540 4830
749 444 926 488 enarnca.
1320 427 1434 490 ccxxxi

235 605 313 646 acres
328 591 361 647 of
377 592 500 649 meadow
515 594 543 650 in
557 593 608 651 ber
622 594 752 653 demesne
766 616 798 653 as
813 597 846 654 of
863 597 907 654 see
920 597 948 653 iu
963 595 1011 653 the
1025 605 1098 652 town
1113 595 1147 654 of
1157 595 1309 666 Leioester,
1323 597 1388 655 held
1402 599 1437 656 of

234 686 282 742 the
305 688 373 762 king
397 708 427 745 as
442 690 475 745 of
492 690 535 745 his
550 690 643 768 duchy
658 692 690 746 of
702 691 866 758 Lancaster,
887 693 943 749 and
960 693 993 748 of
1013 693 1062 748 the
1083 712 1181 749 manor
1196 695 1228 749 of
1248 693 1433 770 Shepeshede,

233 782 299 839 held
320 785 354 840 of
372 787 496 842 William
523 788 686 865 Hastynges
708 788 808 864 knight
829 790 884 846 and
907 791 940 846 of
957 790 1033 847 John
1056 789 1212 847 Bourchier
1236 790 1337 867 knight
1359 813 1390 850 as
1404 793 1438 849 of

232 881 279 937 the
294 881 371 956 right
385 882 417 938 of
436 883 583 940 Elizabeth
604 885 648 940 his
673 885 743 951 wife,
764 906 795 942 as
816 885 849 942 of
867 886 914 943 thc
928 887 1039 943 honour
1052 886 1085 942 of
1096 887 1283 955 winchester,
1297 900 1327 945 at
1341 888 1432 947 which

232 977 311 1034 dates
327 977 441 1036 Francis
456 980 555 1038 Lovell
569 981 620 1037 her
634 1000 684 1037 son
699 1002 754 1038 was
769 983 802 1038 of
819 983 867 1039 the
881 1003 934 1059 age
948 984 981 1039 of
998 984 1093 1040 fifteen
1107 1003 1189 1060 years
1202 985 1257 1041 and
1271 1005 1360 1044 more.

274 1073 389 1132 Francis
413 1076 548 1135 Viscount
573 1078 681 1143 Lovell,
707 1079 808 1154 during
832 1080 875 1136 his
898 1081 1042 1158 minority,
1063 1101 1119 1138 was
1141 1083 1169 1137 in
1192 1081 1240 1139 the
1262 1084 1381 1160 custody
1402 1083 1437 1140 of

232 1169 309 1227 John
331 1173 365 1229 de
385 1173 413 1229 la
435 1175 512 1240 Pola,
536 1175 620 1231 Dulce
646 1176 679 1231 of
698 1176 814 1242 suffore,
835 1176 891 1232 and
915 1178 949 1233 of
966 1177 1009 1233 his
1033 1178 1096 1235 wife
1119 1177 1275 1248 Elizabeth,
1297 1181 1377 1237 sister
1402 1181 1436 1237 of

234 1267 312 1343 King
334 1269 456 1327 Eduard
478 1272 525 1328 the
549 1272 666 1337 Fourth‚
689 1293 720 1329 as
744 1292 784 1330 we
807 1274 883 1330 learn
906 1275 979 1330 from
993 1274 1072 1331 these
1092 1274 1189 1332 letters
1203 1284 1308 1352 patent,
1323 1278 1431 1336 headed

231 1364 310 1421 “Pro
326 1365 407 1423 Duce
423 1367 554 1426 Suffolcie
568 1377 596 1424 et
612 1370 777 1426 Elizabetha
792 1390 878 1427 uxore
891 1373 952 1447 ejus
967 1372 1000 1428 de
1015 1373 1142 1430 custodia
1156 1374 1329 1432 commissa.”

272 1463 364 1519 “Rex
381 1466 509 1521 omnibus
523 1466 559 1522 ad
573 1486 652 1541 quos,
665 1472 713 1523 &c
725 1468 851 1525 salutem.
876 1468 975 1527 Sciatis
992 1489 1044 1526 nos
1059 1470 1092 1526 de
1106 1471 1196 1546 gratia
1209 1480 1305 1529 nostra
1319 1473 1431 1548 speciali

231 1577 263 1615 uc
277 1578 311 1615 cx
327 1571 403 1618 certa
418 1564 534 1619 scientia
548 1572 576 1619 et
590 1583 667 1620 mero
688 1573 765 1620 motu
789 1567 892 1621 uostris
915 1566 1040 1622 dedimus
1061 1577 1090 1623 et
1113 1569 1302 1625 concessimus
1327 1589 1359 1626 ac
1380 1589 1431 1646 per

229 1667 371 1729 presentes
385 1659 482 1715 damus
497 1671 526 1716 et
548 1661 724 1717 concedimus
743 1663 884 1719 carissimo
906 1663 985 1719 fratri
1004 1673 1101 1720 nostro
1122 1663 1247 1720 Johauui
1273 1664 1348 1721 Duci
1364 1665 1429 1722 suf·

229 1753 312 1810 folcie
326 1776 358 1812 ac
372 1757 563 1831 precarissime
579 1760 667 1815 sorori
682 1770 776 1815 nostre
792 1759 955 1816 Elizabethe
969 1760 1049 1814 uxori
1066 1778 1115 1815 sue
1135 1759 1289 1815 custodiam
1304 1761 1428 1817 omnium

229 1849 423 1921 dominiorum,
447 1855 642 1921 maneriorum,
667 1864 811 1922 terrarum,
837 1863 1067 1921 tenementorum,
1089 1856 1293 1932 possessionum
1307 1865 1335 1913 et
1349 1855 1428 1913 here·

228 1947 442 2006 ditamentorum
456 1969 519 2006 cum
534 1952 714 2026 pertiuentiis,
736 1971 789 2026 que
810 1970 898 2026 nuper
918 1950 1032 2006 fuerunt
1046 1951 1183 2008 Johannis
1198 1949 1297 2006 Lovell
1322 1951 1426 2016 militis,

229 2045 332 2102 domini
348 2047 382 2103 de
393 2047 502 2115 Lovell,
517 2047 650 2114 defuncti,
666 2050 713 2125 qui
729 2049 762 2105 de
783 2049 863 2105 nobis
878 2050 966 2104 tenuit
980 2050 1009 2104 in
1023 2050 1115 2125 capite
1129 2067 1178 2123 per
1192 2049 1339 2106 servicium
1353 2050 1427 2106 urili-

228 2151 296 2208 tare,
306 2143 349 2200 die
364 2162 419 2218 quo
434 2145 511 2212 obiit,
522 2154 550 2200 et
563 2163 617 2219 que
627 2155 683 2202 tam
698 2165 746 2220 per
761 2146 819 2201 sive
830 2153 893 2221 post
907 2155 1024 2201 mortem
1038 2145 1162 2221 ejusdem
1174 2144 1311 2203 Johannis
1322 2147 1427 2204 domiui

228 2238 262 2294 dc
284 2238 382 2294 chcll
407 2238 530 2296 defuncti
552 2260 636 2315 quam
660 2242 767 2297 ratione
790 2242 906 2297 minoris
928 2241 1009 2296 etatis
1034 2241 1173 2298 Francisci
1197 2241 1305 2308 Lovell,
1326 2241 1375 2298 filii
1396 2251 1426 2300 ct

227 2336 335 2393 heredis
356 2337 479 2412 ejusdem
493 2338 513 2395 J
515 2338 641 2404 ohannis,
664 2338 768 2393 domiui
783 2336 818 2393 de
833 2337 944 2404 Lovell,
966 2337 1001 2393 ad
1015 2355 1115 2392 manus
1129 2345 1239 2392 nostras
1253 2335 1425 2394 devenerunt

227 2443 256 2488 et
269 2433 297 2489 in
311 2434 438 2490 manibus
453 2436 555 2490 nostris
576 2453 650 2490 nunc
671 2434 796 2490 existunt
815 2433 1007 2509 quovismodo,
1032 2453 1087 2489 una
1109 2451 1172 2488 cum
1193 2431 1425 2491 advocationibus

225 2529 411 2595 ecclesiarum,
427 2530 604 2606 capellarum,
620 2529 804 2585 cantariarum
815 2539 843 2585 et
858 2530 982 2584 omnium
996 2528 1115 2585 aliorum
1129 2526 1325 2584 beneficiorum
1336 2529 1424 2586 ecclc·

226 2628 398 2684 siasticorum
411 2627 755 2703 quorumcumquc,feodis
764 2624 1424 2700 militum,cunia,letis,visisfranciplegii‚feriis,

225 2727 361 2793 mercatis,
382 2729 481 2802 parcis,
503 2727 646 2793 warennis,
669 2726 798 2801 proficuis
813 2734 840 2781 et
855 2724 1096 2781 commoditatibus
1109 2723 1240 2801 predictis
1255 2723 1382 2781 dominiis
1396 2734 1425 2783 et

224 2825 352 2880 maneriis
361 2844 393 2881 ac
402 2825 500 2882 ceteris
510 2825 652 2900 premissis
660 2833 688 2881 et
696 2823 909 2880 eorumcuilibet
915 2822 1154 2897 qualitercumque
1166 2821 1354 2897 spectantibus
1366 2824 1425 2881 sive

225 2921 435 2994 pertinentibus,
461 2940 568 2976 necnon
591 2921 745 2976 custodiam
768 2928 796 2976 ct
818 2920 994 2994 maritagium
1016 2919 1139 2976 eiusdem
1158 2919 1307 2983 Francisci,
1328 2918 1377 2974 filii
1395 2926 1425 2975 et

225 3018 334 3074 heredis
355 3019 479 3095 ejusdem
499 3016 637 3074 Johannis
653 3017 761 3084 Lovell,
783 3017 887 3073 domini
902 3017 936 3072 de
950 3016 1058 3084 Lovell,
1072 3019 1177 3092 absque
1191 3017 1423 3093 disparagatione,

225 3114 352 3170 habenda
363 3124 391 3169 et
405 3114 524 3170 tenenda
538 3114 691 3169 custodiam
709 3113 861 3189 predictam
879 3132 911 3169 ac
922 3121 1014 3168 cetera
1029 3114 1163 3188 premissa
1176 3133 1239 3169 cum
1250 3112 1422 3188 pertiuentiis

223 3232 278 3267 unu
289 3232 351 3267 curn
364 3212 509 3286 maritagio
520 3212 605 3286 ipsius
616 3210 725 3267 heredis
738 3210 841 3266 eisdem
852 3209 975 3267 Johanui
986 3219 1014 3266 et
1025 3210 1196 3276 Elizabethe,
1205 3211 1285 3266 fratri
1296 3218 1325 3266 et
1335 3209 1424 3266 sorori

224 3307 334 3370 nostris,
349 3326 365 3361 a
380 3315 503 3382 tempore
521 3308 618 3362 mortis
632 3306 732 3382 prefati
746 3305 884 3363 Johannis
904 3304 1013 3371 Lovell,
1038 3304 1141 3361 domini
1158 3305 1193 3361 de
1207 3305 1314 3369 Lovell,
1334 3322 1423 3379 usquc

222 3402 258 3457 ad
276 3401 383 3474 plenam
402 3410 505 3457 etatem
524 3402 589 3457 dicti
613 3402 752 3458 Francisci
772 3401 821 3456 filii
839 3408 868 3455 et
888 3399 1006 3466 heredis,
1026 3399 1158 3474 quamdiu
1177 3399 1302 3456 custodia
1321 3399 1369 3455 illa
1392 3399 1421 3454 in

223 3498 350 3553 manibus
365 3499 467 3553 uostn's
482 3518 531 3554 seu
544 3498 677 3554 heredum
692 3507 850 3554 nostrorum
865 3517 925 3553 esse
941 3496 1104 3570 contigerit3
1124 3507 1154 3552 et
1169 3497 1191 3551 si
1206 3495 1239 3551 de
1248 3494 1349 3551 herede
1363 3494 1421 3560 illo,

223 3604 372 3667 antequam
386 3593 421 3649 ad
436 3594 546 3668 plenam
564 3603 664 3650 etatem
687 3613 767 3650 suam
788 3592 952 3668 pervenerit,
974 3591 1134 3646 humanitus
1149 3592 1300 3665 contingat,
1321 3589 1422 3648 herede

223 3712 273 3747 suo
288 3689 360 3745 iufra
374 3700 476 3747 etatem
497 3692 641 3760 existente,
663 3692 738 3766 quod
759 3700 860 3747 extunc
883 3689 964 3745 iidem
985 3687 1140 3751 lohannes,
1162 3688 1249 3744 frater
1269 3696 1371 3754 noster,
1392 3695 1421 3745 et

223 3787 397 3856 Eliznbetha,
420 3807 498 3844 soror
518 3798 624 3855 nostra,
647 3808 694 3844 seu
711 3806 805 3844 eorum
825 3786 896 3842 alter
911 3784 954 3839 vel
970 3802 1066 3839 eorum
1087 3783 1220 3857 assignati
1235 3782 1357 3840 habeant
1371 3803 1421 3842 seu

221 3884 322 3941 habeat
336 3883 489 3939 custodiam
503 3884 626 3939 omnium
642 3884 828 3959 predictorum
843 3879 1037 3945 dominiorum,
1056 3880 1252 3946 maneriorum,
1273 3887 1419 3947 terrarum,

221 3990 441 4038 tenementorum
455 3990 483 4037 et
497 3990 651 4038 ceterorum
663 3981 858 4056 premissorum
871 3996 1000 4034 unacum
1011 3977 1158 4050 maritagio
1171 3978 1296 4052 ejusdem
1309 3976 1421 4035 heredis
