3540 4830
748 458 926 503 sansacu.
1351 436 1438 503 clxix

235 599 348 662 nome
363 604 548 683 Erpyngham
567 607 663 665 militis
683 607 791 685 plenius
812 612 980 669 continetur.
1020 611 1093 669 Item
1114 610 1190 687 quod
1211 610 1293 668 liceat
1307 609 1439 668 Jobanne

235 705 360 762 consorti
374 724 424 762 sue
437 706 466 761 in
481 707 610 763 omnibus
624 719 654 764 et
668 708 785 784 singulis
798 711 929 767 maneriis
943 719 972 767 et
985 710 1149 768 tenementis
1171 710 1224 767 sibi
1237 708 1274 767 ad
1287 710 1440 767 terminum

235 800 294 857 vito
314 819 364 858 sue
384 802 534 876 assignatis
556 813 667 860 vastum
687 814 717 861 et
736 804 953 863 destructionem
974 814 1003 863 et
1024 805 1139 863 exilium
1159 824 1210 880 pro
1231 824 1282 861 sua
1295 804 1439 862 voluntate

236 897 329 956 facere
343 899 449 976 absque
463 901 646 976 impeticione‚
660 902 862 977 inquietacione
873 923 923 961 seu
937 903 1095 980 calumpnia
1108 903 1242 960 heredum
1253 922 1302 959 seu
1313 903 1439 977 assigna·

237 1003 329 1052 torum
343 1016 594 1073 quorumcumque.
636 998 675 1055 Et
689 999 713 1055 si
726 999 801 1055 dicta
816 999 948 1058 Jobanne
965 1001 1166 1076 aliquomodo
1185 999 1355 1075 implacitata
1376 1017 1439 1074 per·

237 1093 351 1152 turbata
364 1094 409 1151 vel
422 1095 568 1153 molestata
582 1097 667 1152 fuerit
686 1116 735 1172 per
748 1095 864 1154 heredes
878 1097 913 1154 de
926 1099 1091 1174 corporibus
1104 1098 1243 1154 dictorum
1258 1096 1396 1154 Willelmi
1410 1103 1440 1153 et

236 1188 368 1248 Jobanne
389 1203 521 1249 exeuntes
536 1192 581 1249 vel
602 1212 651 1270 per
671 1193 788 1250 heredes
807 1193 844 1250 de
866 1196 1030 1269 corporibus
1043 1194 1178 1252 heredum
1192 1201 1333 1261 exeuntes,
1348 1192 1394 1249 vel
1415 1193 1440 1250 si

236 1285 412 1363 impedierint
425 1289 470 1347 vel
490 1291 618 1367 impediri
638 1291 743 1348 faciant
762 1311 843 1348 suam
863 1291 935 1348 banc
952 1292 1121 1349 voluntatem
1136 1290 1263 1348 ultimam
1281 1288 1441 1367 perimpleri

235 1392 286 1441 aut
297 1386 515 1460 assignationem
529 1389 643 1445 manerii
658 1388 692 1444 de
703 1387 856 1445 Glembam
870 1408 958 1464 parva
971 1398 1000 1447 et
1015 1389 1177 1446 Brewsbam
1191 1389 1227 1446 ad
1237 1408 1350 1446 manum
1364 1404 1440 1443 mor·

236 1486 324 1549 bum,
335 1490 403 1540 tunc
413 1470 474 1542 vult
485 1485 560 1559 quod
574 1485 746 1542 reversiones
758 1486 882 1541 omnium
892 1488 1081 1542 maneriorum
1093 1485 1288 1561 predictorum,
1299 1495 1438 1542 terrarum

235 1585 265 1634 ct
278 1586 498 1636 tenementorum
512 1601 577 1638 cum
596 1582 724 1638 omnibus
737 1583 912 1658 pertinentiis
927 1584 984 1638 suis
1003 1602 1055 1657 per
1068 1602 1134 1640 suos
1148 1591 1310 1639 executores
1324 1590 1352 1638 et
1365 1579 1438 1637 feof·

237 1673 341 1731 satores
356 1676 514 1733 vendantur
535 1687 564 1733 et
585 1677 690 1734 denarii
711 1678 776 1734 inde
799 1678 993 1754 provenientes
1014 1697 1064 1752 pro
1080 1678 1173 1753 gratia
1187 1678 1240 1733 sibi
1255 1697 1271 1733 a
1286 1678 1351 1733 Deo
1365 1677 1437 1751 opti·

236 1773 330 1831 nenda
343 1784 371 1831 et
385 1774 534 1851 capellanis
554 1776 648 1832 divina
668 1776 696 1831 iu
716 1776 833 1832 ecclesia
854 1775 888 1832 de
903 1776 1077 1853 Denyngton
1098 1774 1279 1831 celebraturis
1300 1773 1435 1830 distribu-

236 1879 329 1937 antur,
350 1872 541 1947 expendantur
561 1883 589 1930 et
603 1873 803 1940 condonentur,
817 1873 912 1948 aliqua
931 1875 1109 1930 concessione
1130 1881 1159 1929 et
1180 1871 1388 1928 confirmatione
1403 1869 1439 1928 da

234 1968 319 2025 eisin
334 1972 504 2026 contrarium
515 1971 592 2027 facta
607 1990 662 2027 non
677 1972 815 2028 obstante.
856 1971 928 2028 Item
939 1970 1000 2028 vult
1013 1981 1042 2028 et
1056 1971 1180 2046 assignat
1194 1969 1269 2046 quod
1283 1988 1379 2026 omnes
1394 1968 1437 2025 sui

235 2067 390 2126 servientes
404 2068 539 2125 meniales
560 2070 629 2125 foris
647 2079 791 2126 manentes
812 2078 841 2126 et
861 2069 995 2144 hospitati
1015 2070 1044 2125 in
1066 2089 1116 2125 suo
1137 2068 1262 2145 hospicio
1282 2084 1440 2142 perunum

235 2179 342 2219 annum
365 2173 430 2220 ante
454 2165 610 2239 predictum
632 2174 741 2241 tempus
764 2166 808 2222 sui
833 2164 1010 2221 resolutionis
1035 2164 1173 2239 stipendia
1196 2173 1225 2220 et
1248 2163 1303 2220 alia
1327 2161 1439 2236 singula

236 2261 413 2336 recipientur,
434 2272 518 2337 prout
532 2263 566 2319 de
587 2282 620 2319 eo
641 2263 670 2317 iu
685 2281 735 2317 sua
749 2264 807 2318 vita
828 2270 1002 2336 receperunt.
1043 2261 1116 2317 Item
1129 2260 1192 2316 vult
1205 2269 1234 2316 et
1247 2260 1375 2334 assignat
1388 2276 1438 2333 per

235 2355 431 2415 discretionem
442 2357 461 2415 J
463 2358 573 2416 ohanne
584 2359 724 2414 consortis
734 2377 783 2414 sue
793 2357 813 2415 J
814 2357 916 2414 obanni
932 2357 1044 2412 domino
1056 2356 1220 2413 Besumond
1234 2374 1318 2411 unam
1331 2354 1439 2429 peciam

235 2462 399 2527 argenteam
412 2463 441 2509 et
455 2453 616 2509 deauratam
638 2460 807 2526 coopertam
833 2461 861 2508 et
882 2470 970 2507 unum
992 2468 1097 2524 equum
1111 2461 1242 2506 vocatum
1256 2450 1298 2505 Le
1314 2450 1441 2507 Cowoer.

232 2547 310 2623 ‘Item
325 2549 387 2604 vult
400 2558 429 2605 et
442 2550 569 2623 assignat
585 2548 757 2616 Elisabethe,
771 2548 828 2605 filie
843 2547 909 2605 dicti
924 2547 1066 2615 Willelmi,
1081 2567 1168 2603 unum
1183 2547 1286 2604 lectum
1300 2548 1334 2603 de
1348 2546 1439 2604 serico

235 2665 301 2702 cum
320 2653 380 2701 toto
394 2654 529 2721 apparatu
549 2666 638 2723 nuper
653 2646 761 2703 Thome
777 2645 961 2723 Erppngham
981 2645 1077 2702 militis
1098 2654 1127 2702 et
1141 2665 1227 2701 unum
1248 2664 1298 2720 par
1319 2644 1438 2702 linthea-

236 2743 345 2797 minum
360 2740 394 2797 de
411 2741 532 2819 lleynes.
561 2743 633 2799 Item
648 2743 710 2799 vult
723 2750 752 2798 et
765 2742 890 2817 assignat
902 2741 1038 2798 Katerine
1053 2741 1170 2819 Botyler
1184 2741 1272 2798 sorori
1288 2761 1336 2798 sue
1349 2759 1438 2798 unum

236 2857 288 2913 par
309 2839 524 2897 lintheaminum
547 2840 581 2897 de
603 2840 716 2920 Reynes
734 2849 765 2896 et
787 2859 874 2896 unum
898 2858 948 2916 par
967 2839 1103 2897 bedarum
1128 2839 1241 2907 coralli;
1265 2848 1293 2896 et
1313 2838 1438 2896 Radulfo

236 2935 351 2993 domino
362 2938 531 2996 Crombwell
545 2959 595 3015 per
608 2939 803 2997 discretionem
817 2938 890 2994 dicte
900 2936 1031 2996 Jobanne
1045 2956 1131 2993 unam
1145 2938 1251 3012 peciam
1266 2946 1438 3012 argenteam,

235 3032 398 3092 deauratam
412 3045 441 3092 et
455 3045 623 3112 coopertam.
664 3037 736 3094 Item
750 3037 812 3093 vult
833 3045 862 3092 et
882 3037 1008 3111 assignat
1028 3035 1142 3092 cuilibet
1154 3054 1291 3109 generoso
1312 3044 1439 3109 tempore

237 3150 288 3188 sue
309 3133 488 3191 resolucionis
510 3135 562 3190 sibi
583 3135 714 3192 servienti
735 3134 809 3200 xls.;
833 3134 947 3191 cuilibet
961 3134 1065 3190 valette
1078 3152 1161 3199 xxa.;
1181 3132 1294 3189 cuilibet
1314 3132 1439 3206 garcioni

238 3248 285 3288 as.
297 3239 325 3287 et
339 3232 453 3289 cuilibet
467 3242 580 3307 pagetto
591 3253 637 3290 vs.
651 3233 743 3308 majus
753 3240 782 3287 et
794 3232 886 3287 minus
901 3231 957 3287 illis
971 3230 1163 3287 retribuendos
1178 3250 1227 3305 per
1239 3230 1438 3286 discretionem

237 3345 352 3382 suorum
366 3336 545 3383 executorem
566 3327 699 3402 temporis
721 3327 876 3402 quantitate
896 3335 926 3383 et
947 3327 1056 3382 servicii
1078 3325 1213 3382 fidelitate
1233 3325 1382 3400 diligenter
1403 3343 1437 3381 ac

235 3422 387 3497 prudenter
401 3423 589 3489 consideratis,
604 3422 659 3479 illis
674 3423 769 3479 iubae
783 3423 927 3479 voluntate
948 3422 1106 3498 specialiter
1127 3423 1226 3496 legatis
1240 3441 1273 3478 ac
1288 3421 1437 3478 nominatis

235 3517 373 3573 duntaxat
394 3518 525 3591 exceptis.
567 3516 640 3573 Item
660 3517 721 3573 vult
740 3525 768 3573 et
790 3518 913 3591 assignat
927 3515 1072 3576 Willelmo
1088 3514 1168 3572 Rous
1186 3535 1231 3573 cs.
1251 3523 1280 3570 et
1293 3514 1438 3573 Willelmo

240 3612 375 3671 Hamond
389 3613 425 3669 ad
439 3613 586 3668 terminum
597 3613 654 3668 vite
665 3633 714 3668 sue
728 3614 873 3671 annuatim
888 3615 939 3671 sub
954 3613 1114 3669 conditione
1124 3613 1201 3687 quod
1215 3612 1318 3668 serviat
1332 3611 1438 3687 prefate

236 3711 367 3771 Jobanne
388 3730 470 3777 xxs.;
490 3718 519 3765 et
540 3711 665 3786 assignat
689 3710 801 3784 Rogero
824 3709 922 3766 Hunte
943 3709 995 3766 sub
1017 3710 1176 3767 conditione
1202 3707 1279 3785 quod
1299 3709 1438 3770 custodiat

234 3830 352 3888 parcum
373 3810 407 3868 de
422 3810 595 3887 Denyngton
617 3828 696 3865 suam
717 3807 889 3864 annuitatem
909 3817 992 3883 prout
1012 3807 1041 3864 in
1062 3806 1210 3866 indentura
1229 3809 1294 3866 inde
1315 3811 1439 3889 perfecta

235 3909 347 3987 plenius
361 3909 528 3967 continetur.
565 3907 637 3965 Item
648 3906 773 3982 assignat
786 3905 900 3963 cuilibet
914 3926 1028 3965 suorum
1041 3916 1222 3967 executorum
1236 3909 1265 3968 iu
1276 3910 1328 3971 hac
1339 3912 1439 3975 volun.

279 4026 393 4070 CAMD.
410 4025 484 4070 SOC.
833 4024 853 4068 ἵ
