3540 4830
475 500 734 544 vicncosrrrusr
761 499 1042 545 aouoosraauu.
1292 486 1332 543 31

184 652 247 737 legi
261 651 353 716 illum
369 651 512 715 rotulum
528 672 635 715 eoram
652 650 742 715 omni
764 652 897 737 populo,
919 649 1124 736 presentibus
1146 649 1192 714 ibi
1208 649 1336 716 Comite

185 753 400 829 Gloucestrie,
419 752 563 818 Henrieo
579 754 620 818 de
637 752 695 829 Ba,
710 761 745 816 et
763 752 834 817 aliis
849 752 890 816 de
905 752 1041 817 consilio
1065 752 1201 817 Domini
1226 751 1337 836 Regis,

186 857 297 921 dicens
312 855 398 939 quod
415 855 486 919 Rex
500 855 607 919 noluit
620 855 807 939 permittere
821 854 909 939 quod
925 854 1049 919 Civitas
1064 878 1123 920 sua
1140 867 1336 941 gravaretur,

186 960 243 1024 aed
258 959 363 1023 voluit
377 957 554 1035 certificari,
571 957 626 1042 qui
641 957 758 1021 divites
772 956 905 1020 fuerunt
918 957 1079 1042 deportati
1092 958 1127 1023 in
1141 958 1288 1043 tallsgiis,
1303 967 1337 1022 et

186 1062 241 1146 qui
256 1081 414 1146 pauperes
429 1059 563 1143 musti,
579 1058 655 1123 etsi
672 1057 780 1121 Maior
796 1065 831 1120 et
845 1057 1017 1122 consiliarii
1032 1058 1082 1122 sui
1099 1059 1140 1122 sd
1154 1081 1234 1124 usus
1259 1080 1336 1126 suos

183 1165 332 1249 proprios
356 1162 477 1247 aliquid
499 1161 540 1225 de
560 1161 698 1245 tallagiis
722 1157 924 1242 accepissent
936 1184 945 1237 3
968 1169 1001 1223 et
1015 1160 1160 1246 precepit
1182 1159 1335 1225 omnibus

184 1264 423 1342 Aldermannis,
439 1274 477 1327 ut
491 1262 555 1348 ipsi
578 1263 613 1326 in
628 1262 769 1327 crastino
792 1280 921 1324 summo
948 1284 1043 1327 mane
1058 1263 1200 1328 iacerent
1217 1285 1336 1328 eonve-

187 1368 256 1432 nire
271 1365 482 1430 Wardemota
497 1387 565 1428 aua.
598 1365 644 1429 Et
657 1364 779 1429 ibidem
790 1360 938 1426 homines
953 1363 994 1427 de
1009 1363 1152 1448 qualibet
1165 1363 1288 1429 Warda
1302 1365 1336 1429 iu

187 1468 334 1533 absentia
363 1466 576 1531 Aldermanni
603 1466 757 1552 eligerent
780 1462 821 1526 de
847 1462 988 1546 seipsis
1016 1464 1148 1549 triginta
1171 1488 1228 1531 sex
1250 1466 1337 1531 viros

188 1581 284 1634 antea
299 1569 450 1648 talliatos,
462 1569 517 1653 qui
532 1591 646 1634 omnes
661 1568 777 1632 eodem
791 1563 844 1627 die
858 1562 1063 1627 eircahoram
1074 1564 1211 1648 primam
1227 1566 1337 1631 venire

187 1670 343 1735 deberent
359 1671 446 1754 apud
462 1670 617 1733 Sanctum
634 1668 769 1732 Paulum
785 1686 894 1729 eorem
916 1664 989 1749 ipso
1012 1676 1046 1730 et
1060 1666 1131 1729 eliis
1145 1665 1186 1729 de
1201 1666 1336 1731 consilio

191 1772 288 1856 Regis
310 1770 386 1833 illue
407 1770 563 1833 missuris.
608 1770 654 1832 Et
669 1770 715 1834 sic
730 1768 851 1831 iactum
874 1767 947 1830 fuir.
989 1767 1118 1834 Quibus
1132 1767 1265 1852 triginta
1280 1789 1337 1832 sex

187 1875 266 1939 viris
296 1872 330 1935 in
361 1871 502 1936 crastino
524 1870 730 1935 venientibus
756 1869 791 1932 in
816 1866 890 1931 aula
914 1867 1072 1953 Episcopi
1109 1869 1337 1934 Londonensis

189 1996 297 2040 coram
320 1973 473 2038 Johanne
493 1973 655 2052 Muunsel,
677 1972 820 2037 Henrico
845 1970 886 2033 de
908 1969 957 2033 Ba
973 1970 1176 2051 Juatitiariis,
1194 1972 1337 2036 Henrieo

189 2078 230 2142 de
244 2076 439 2160 Wengham,
455 2075 663 2154 cancellario,
679 2073 830 2158 Philippo
853 2071 966 2149 novel,
980 2072 1205 2152 Thesaumrio,
1218 2083 1253 2138 et
1267 2074 1337 2138 aliis

189 2179 230 2244 de
245 2177 380 2244 consilio
396 2176 505 2261 Regis,
520 2175 685 2260 predictus
700 2175 869 2240 Johannes
885 2173 968 2238 dixit
982 2184 1017 2239 et
1031 2177 1176 2262 precepit
1190 2197 1231 2241 ex
1245 2186 1337 2262 parte

190 2281 325 2346 Domini
349 2279 458 2364 Regis,
482 2289 521 2342 ut
543 2278 606 2364 ipsi
627 2278 727 2364 jurati
752 2275 982 2343 certificassent
1007 2277 1097 2362 ipsos
1121 2300 1219 2362 super
1241 2278 1336 2343 dictis

189 2383 341 2447 articulis.
386 2380 452 2448 Qui
478 2380 631 2445 dixerunt
653 2379 771 2464 “quod
795 2377 974 2443 secundum
996 2377 1083 2463 leges
1099 2379 1248 2445 Civitatis
1270 2402 1338 2445 non

191 2483 346 2549 deberent
356 2484 464 2567 jurare
479 2483 513 2545 in
529 2483 634 2568 ulique
648 2480 867 2567 inquisitione,
890 2480 954 2544 nisi
977 2479 1033 2545 ubi
1054 2482 1203 2567 jacentur
1217 2482 1284 2546 vita
1305 2491 1339 2548 et

189 2584 342 2658 membra,
353 2583 405 2647 vel
414 2583 455 2646 ad
465 2593 582 2647 terram
593 2584 790 2669 perdendam
801 2584 870 2650 sive
885 2584 1107 2650 lucrandam?
1118 2585 1184 2649 Sed
1194 2595 1339 2650 tantum·

189 2687 287 2751 modo
306 2684 465 2769 conjurati
480 2706 538 2769 per
553 2696 800 2766 sacramentum,
816 2688 904 2772 quod
918 2689 1064 2752 iecerunt
1076 2687 1167 2771 Regi,
1181 2697 1215 2752 et
1225 2688 1260 2751 in
1274 2687 1339 2753 fide

190 2811 253 2874 qua
274 2798 427 2852 tenentur
448 2786 522 2850 Deo
544 2796 579 2850 et
604 2787 696 2872 Regi,
721 2798 756 2852 et
777 2789 823 2853 ita
843 2789 954 2853 multis
973 2789 1233 2854 altercationibus
1255 2790 1340 2855 inter
1452 2828 1456 2837 ·

191 2893 214 2958 J
216 2891 391 2956 ustitiarios
406 2900 440 2954 et
456 2888 554 2953 Cives
569 2889 672 2968 iactis,
687 2888 786 2954 nichil
800 2891 923 2955 factum
937 2891 1000 2954 fuit
1013 2891 1069 2955 illo
1084 2892 1147 2957 die.
1192 2894 1238 2958 Et
1251 2896 1340 2980 posi·

189 3006 244 3061 tus
267 3006 318 3060 est
341 2993 477 3059 Civibus
507 2992 576 3057 dies
599 2992 632 3056 in
656 2993 796 3058 erastino
825 2994 913 3079 apud
938 2993 1158 3074 Gildhellam3
1188 3018 1253 3081 quo
1276 2995 1340 3074 die,

190 3098 340 3162 veniente
355 3096 500 3182 predicto
524 3095 676 3159 Johanne
703 3096 857 3161 Maunsel
879 3098 914 3161 in
930 3096 1138 3177 Gildhallsm,
1162 3122 1237 3164 cum
1263 3122 1341 3165 con·

190 3200 262 3265 silio
278 3199 386 3282 Regis,
412 3198 587 3262 noluerunt
609 3198 727 3262 iterum
748 3198 845 3263 Cives
869 3201 1026 3264 assentire
1051 3200 1092 3264 ad
1118 3201 1339 3285 juramentum

192 3303 375 3367 iaciendum
403 3301 438 3363 in
474 3299 684 3383 inquisitione
724 3302 879 3386 predicta.
938 3302 978 3367 In
1009 3303 1185 3367 crastinum
1220 3313 1339 3383 autem,

194 3404 328 3480 scilicet,
341 3401 392 3466 die
409 3400 564 3465 Mercurii
578 3413 653 3466 ante
666 3401 927 3468 Purifieationem
951 3403 1044 3468 beate
1060 3404 1176 3482 Maris,
1190 3405 1341 3471 veniente

194 3509 281 3593 Rege
296 3526 409 3568 versus
424 3502 765 3584 westmonasterium,
779 3506 930 3571 exierunt
953 3506 1062 3571 Maior
1084 3517 1119 3570 et
1133 3507 1241 3589 Cives,
1256 3509 1343 3575 sicut

194 3633 266 3676 mos
290 3617 350 3686 est,
374 3606 415 3670 ad
438 3602 645 3668 salutandum
668 3604 777 3689 ipsum
799 3629 902 3693 usque
929 3608 970 3673 ad
998 3608 1258 3695 Kniwtebrigge3
1284 3611 1342 3675 sed

196 3715 267 3778 Rex
289 3710 379 3774 misit
403 3707 524 3773 ibidem
550 3704 712 3789 quendum
735 3709 939 3793 armigerum,
958 3710 1140 3796 precipiens
1163 3711 1210 3774 eis
1234 3731 1277 3775 ne
1296 3711 1344 3776 illi

193 3815 343 3881 venirent
377 3811 412 3874 in
435 3819 613 3894 conspectu
641 3828 712 3871 suo.
758 3809 856 3875 Unde
886 3811 996 3876 statim
1027 3812 1136 3890 Cives,
1166 3812 1343 3879 sentientes

194 3920 316 4002 Regem
340 3924 465 3979 motum
480 3910 514 3974 in
537 3909 629 3988 bam,
644 3908 809 3974 redierunt
822 3910 864 3974 ad
878 3915 1019 3998 propria,
1035 3916 1123 4000 Rege
1144 3938 1212 3981 non
1233 3917 1344 3984 affata.

195 4022 323 4098 Postea,
338 4018 371 4082 in
386 4013 504 4100 vigilia
519 4011 766 4092 Purificationis,
782 4014 1051 4084 convenientibus
1066 4017 1193 4085 Maiore
1201 4028 1236 4086 et
1247 4018 1343 4086 inuu-
