3540 4830
451 435 709 481 vrcaconrrnn
737 434 1024 479 nonnosranou.
1267 416 1308 486 57

205 585 322 651 Postea
347 584 381 650 in
406 584 513 671 vigilia
537 587 648 653 Sancti
671 585 786 652 Jaoobi
812 593 1015 651 recesserunt
1039 582 1138 648 etiam
1164 582 1311 647 Berones

159 708 273 750 versus
295 688 558 754 windleshoram
588 713 608 754 a
638 689 818 754 Londoniis
847 688 888 752 ad
915 686 1130 751 obsidendum
1157 683 1311 749 Castrum

158 789 260 868 illud3
284 791 370 874 quod
386 791 516 875 quidem
533 791 684 856 Castrum
700 791 863 855 redditum
878 799 930 854 est
944 810 1002 874 per
1016 787 1197 852 Dominum
1221 787 1312 850 Edu-

159 890 286 969 ardnm,
301 914 379 976 pace
394 893 542 971 formata,
556 892 609 957 die
632 901 709 977 post
731 892 913 977 predictum
935 892 1067 968 festum,
1092 888 1198 953 adbuc
1223 889 1312 972 Rege

157 1003 193 1055 et
223 993 405 1058 Batonibus
437 1017 561 1058 moram
590 993 784 1058 facientibus
821 994 905 1059 circa
935 992 1103 1070 Fuleham,
1138 1000 1172 1055 et
1202 991 1310 1054 statim

159 1094 337 1180 alienigene
352 1096 407 1181 qui
422 1096 504 1160 infra
521 1096 674 1160 Castrum
689 1097 823 1160 fuerunt
837 1096 1100 1180 repatriaverunt.

201 1197 295 1263 Tunc
323 1197 479 1283 temporis
503 1198 601 1262 etiam
628 1198 737 1283 plures
762 1197 936 1281 Magnetes
962 1209 996 1260 et
1021 1194 1075 1258 alii
1099 1193 1311 1258 ostenderunt
1325 1198 1522 1274 §effurantu-

160 1298 241 1383 Regi
255 1309 289 1363 et
304 1299 441 1364 consilio
457 1321 528 1377 suo,
549 1297 788 1383 conquerendo,
803 1297 890 1382 quod
905 1297 968 1381 ipsi
984 1297 1070 1360 inter
1084 1296 1164 1359 alios
1184 1264 1519 1390 fuerant{„,⁸''‘‚·‘,,⁴i,‘,¹,',[‘,·,'¹‘}{}⁴

159 1400 326 1485 depredati
342 1411 376 1465 et
390 1401 521 1485 injuste,
537 1401 693 1478 dicentes,
715 1404 737 1437 “
750 1400 839 1485 quod
859 1400 922 1484 ipsi
950 1420 1016 1462 non
1043 1399 1174 1462 fuerunt
1199 1407 1312 1462 contra
1324 1392 1390 1440 “⁰¹¹⁸-

159 1500 246 1565 dicta
261 1512 386 1566 statuta
408 1501 448 1566 de
464 1500 627 1581 Oxonia,'’
642 1512 676 1565 et
698 1501 862 1586 petierunt
884 1498 947 1564 sibi
970 1498 1134 1583 justitiam
1156 1497 1311 1562 exhiberi.

159 1602 259 1669 Quod
273 1603 417 1688 positum
433 1604 495 1668 fuit
516 1605 550 1667 in
574 1613 759 1689 respectum
783 1621 887 1686 usque
912 1601 954 1664 sd
979 1599 1176 1685 quindenam
1200 1598 1311 1665 Sancti

161 1705 344 1769 Michaelis.

205 1806 333 1884 Postea,
346 1806 488 1870 secunda
503 1805 555 1870 die
570 1815 646 1890 post
660 1805 780 1870 festum
792 1804 904 1870 Sancti
916 1802 1053 1881 Mathei,
1065 1816 1144 1867 tunc
1155 1803 1311 1886 temporis
1325 1809 1506 1885 neminen-

161 1905 213 1969 die
231 1906 415 1985 Dominioa,
426 1905 590 1970 Dominus
608 1906 688 1984 Rex,
699 1905 821 1991 Regina
830 1916 864 1970 et
872 1904 929 1969 filii
938 1926 1049 1968 eorum
1061 1914 1095 1967 et
1105 1902 1311 1987 quamplures
1324 1882 1386 1922 “⁰⁸⁶
1397 1875 1447 1937 ΒΨ
1469 1908 1476 1922 ’

160 2007 286 2073 nobiles
302 2009 392 2094 regni
406 2010 523 2095 Anglie
534 2010 835 2088 transfretaverunt,
849 2020 887 2072 ut
898 2017 1008 2072 essent
1022 2008 1063 2071 ad
1075 2007 1311 2092 parlamentum

159 2112 257 2197 Regis
274 2113 407 2177 Francie
423 2113 509 2199 apud
524 2112 720 2191 Bononiam,
742 2111 797 2176 ubi
814 2110 959 2176 locutum
979 2110 1042 2175 fuit
1065 2110 1106 2174 de
1129 2111 1312 2196 peregrina·

158 2213 247 2277 tione
263 2235 321 2276 sua
340 2223 375 2277 et
389 2214 526 2278 aliorum
542 2235 636 2278 cruce
655 2214 853 2297 signatorum
877 2212 911 2275 in
936 2212 1068 2275 Terram
1093 2210 1256 2290 Sanctam,
1278 2221 1313 2276 et

160 2316 201 2379 de
216 2316 427 2380 coronacione
442 2316 499 2380 filii
515 2317 565 2380 sui
589 2317 623 2380 in
639 2316 772 2401 Regem,
787 2313 1002 2379 existentibus
1017 2324 1096 2377 tunc
1110 2313 1231 2377 ibidem
1245 2314 1312 2378 lere

159 2417 311 2481 omnibus
327 2416 476 2482 Ducibus
490 2427 525 2482 et
533 2416 745 2503 Magnetibus
755 2416 901 2495 Francie,
911 2414 1110 2502 Burgundie,
1123 2414 1311 2502 Campanis,

159 2529 193 2584 et
209 2519 402 2604 Hispannie.

245 2622 388 2686 'l’homas
404 2622 444 2688 de
461 2621 577 2687 Forda.
1324 2620 1493 2731 megia
1504 2624 1532 2699 ἦ»

246 2723 423 2808 Gregorius
438 2724 479 2788 ae
495 2722 647 2788 mame.
1315 2685 1516 2813 ''stati'‘

203 2825 279 2891 Hoc
306 2847 404 2906 anno,
435 2826 487 2891 die
516 2836 594 2911 post
626 2823 770 2891 Octabas
800 2824 911 2890 Sancti
938 2823 1120 2903 Michaelis,
1147 2824 1310 2889 Dominus

159 2929 229 2992 Rex
254 2928 381 2992 rediens
412 2928 452 2993 de
483 2928 632 2994 Bononia
660 2927 752 2993 venit
779 2927 814 2992 in
843 2926 1005 3013 Angliam,
1034 2938 1078 3005 et,
1102 2937 1227 3013 postes,
1256 2927 1309 2993 die

157 3029 293 3093 Veneris
308 3030 398 3094 venit
413 3029 605 3095 Londoniis.

200 3131 463 3210 Memorandum,
478 3133 656 3217 quodcum
671 3152 731 3216 per
752 3131 862 3215 plures
882 3152 986 3195 annos
1001 3129 1169 3195 contentio
1192 3130 1309 3196 fuisset

155 3230 240 3294 inter
265 3231 427 3296 Abbatem
448 3231 733 3298 westmonasterii
759 3243 793 3297 et
819 3232 917 3296 Cives
939 3230 1184 3295 Londoniarum
1210 3252 1308 3315 super

155 3332 350 3417 quibusdam
378 3332 592 3411 libertatibus,
627 3355 707 3418 quas
747 3333 854 3397 dictus
883 3332 995 3397 Abbas
1031 3353 1090 3416 per
1132 3332 1305 3416 quamdam

154 3445 286 3511 cartam,
300 3456 319 3497 s
335 3435 478 3500 Domino
495 3437 583 3520 Rege
597 3436 813 3520 impetratam,
828 3434 977 3519 exigebat
998 3434 1032 3497 in
1049 3433 1216 3499 Comitatu
1238 3433 1307 3497 Mi·

153 3537 314 3615 delsexie3
344 3537 487 3615 tandem,
510 3539 573 3603 hoc
594 3559 681 3602 anno
707 3537 760 3601 die
786 3537 904 3601 Martis
926 3546 1003 3621 post
1026 3535 1169 3601 Octabas
1193 3536 1305 3601 Sancti

153 3639 335 3715 Michaelis,
351 3640 437 3704 dicta
451 3640 620 3707 contencio
635 3640 677 3703 ad
692 3638 877 3703 Seacarium
903 3638 1038 3702 Domini
1062 3636 1171 3722 Regis,
1193 3659 1303 3703 coram

153 3740 302 3806 Gilberto
317 3740 358 3805 de
375 3741 522 3820 Preston,
536 3740 731 3818 lustitiario,
746 3739 913 3825 perbreve
929 3739 1027 3824 Regis
1042 3739 1083 3802 ad
1098 3739 1161 3803 hoc
1178 3740 1302 3824 specia-

152 3843 226 3906 liter
241 3842 388 3920 missum,
403 3853 559 3907 eteorum
574 3840 750 3906 baronibus
768 3841 809 3905 de
826 3840 973 3905 Soacario
991 3861 1050 3925 per
1066 3838 1225 3924 judicium
1240 3839 1304 3904 fuit

153 3945 335 4010 terminata.
380 3945 478 4025 Nam,
491 3968 550 4031 per
564 3944 763 4010 veredictum
779 3943 950 4009 duodecim
968 3941 1109 4007 militum
1120 3943 1303 4029 juratorum

196 4067 310 4112 cauo.
335 4067 410 4112 soc.
1033 4067 1044 4108 ι
