3540 4830
747 406 925 452 sarraca.
1367 385 1441 450 clxv

236 557 276 616 tn
298 558 413 634 insuper
436 557 472 615 de
485 558 607 616 uberiori
627 560 720 635 gratia
733 569 829 618 nostra
843 569 872 618 et
895 579 929 616 ex
942 578 1021 616 mero
1034 566 1113 616 motu
1127 558 1316 616 concessimus
1329 557 1438 633 prefate

236 655 329 721 Anne,
339 655 483 713 erhlmo
495 655 621 731 Phelipp,
636 656 804 715 etJohanne
814 656 970 714 manerium
981 654 1016 712 de
1028 655 1129 712 Castre
1143 672 1208 711 cum
1221 653 1395 729 pertinentiis
1408 655 1438 712 in

233 753 367 810 comitatu
393 752 544 810 Norffolcie
565 763 594 810 et
615 756 768 811 manerium
789 754 823 811 de
848 754 970 829 Clopton
984 772 1048 809 cum
1063 751 1235 828 pertinentiis
1255 751 1283 807 in
1304 753 1438 810 comitatu

236 848 374 914 Suffohie,
385 870 440 926 que
454 870 543 926 nuper
552 851 666 907 fuerunt
679 850 814 908 Willelmi
830 850 947 908 Bardolf
964 849 1069 915 militis,
1080 849 1175 905 fratris
1189 847 1305 924 predicti
1327 848 1438 906 Thome

234 963 321 1020 nuper
344 944 448 1002 domini
470 945 504 1002 de
526 945 652 1014 Bardolf,
668 946 838 1004 Habendum
858 955 886 1003 et
906 944 1056 1002 tenendum
1069 944 1193 1001 maneria
1213 943 1261 999 illa
1274 963 1339 1000 cnm
1352 946 1439 1020 perti·

235 1042 334 1099 neutiis
355 1062 493 1100 unacum
512 1043 602 1099 feodis
626 1043 755 1110 militum,
779 1048 843 1110 (bc,
863 1043 968 1100 eisdem
992 1044 1085 1108 Anne,
1109 1040 1252 1099 Willelmo
1264 1040 1395 1118 Phelipp,
1409 1051 1438 1099 et

234 1138 365 1198 Johanne
378 1150 407 1197 et
419 1140 567 1197 heredibus
589 1141 624 1198 de
647 1141 809 1217 corporibus
823 1141 983 1198 eorumdem
999 1139 1135 1197 Willelmi
1149 1148 1177 1196 et
1190 1137 1322 1197 Johanne
1335 1158 1439 1196 exenn-

234 1235 319 1304 tibns‚
343 1235 378 1293 de
403 1237 483 1295 nobis
507 1243 536 1293 et
548 1236 697 1294 heredibus
722 1239 826 1293 nostris
847 1237 977 1312 predictis
998 1254 1048 1311 per
1068 1235 1187 1294 servicia
1207 1234 1271 1292 inde
1295 1234 1390 1292 debita
1409 1244 1438 1292 et
1547 1273 1551 1279 -

234 1343 366 1391 consueta
387 1334 600 1409 imperpetuum,
625 1354 658 1391 eo
682 1335 758 1409 quod
781 1354 911 1410 expressa
939 1335 1046 1391 mencio
1070 1333 1105 1391 de
1130 1353 1197 1391 vero
1221 1333 1315 1390 valore
1343 1353 1437 1392 annno

235 1432 432 1489 maneriorum·
445 1432 633 1507 predictorum
657 1452 721 1488 cum
743 1433 916 1508 pertinentiis
937 1451 970 1489 ac
990 1432 1109 1488 aliorum
1125 1432 1324 1507 premissorum
1339 1450 1388 1489 seu
1401 1432 1436 1490 de

234 1526 295 1583 aliis
309 1526 389 1585 donis
403 1536 432 1584 et
442 1528 667 1585 concessionibus
677 1528 781 1584 eisdem
797 1529 890 1594 Anne,
906 1526 1048 1583 Willelmo
1064 1525 1191 1602 Phelipp,
1202 1533 1230 1582 et
1243 1525 1373 1583 ,Iohanne
1387 1547 1436 1585 sen

234 1641 330 1680 eorum
343 1625 426 1681 alicui
440 1644 489 1700 per
503 1645 554 1681 nos
569 1645 616 1682 seu
631 1625 752 1701 aliquem
766 1626 976 1699 progenitorum
991 1632 1153 1679 nostrornm
1166 1632 1231 1678 ante
1244 1620 1296 1679 hec
1310 1632 1436 1698 tempora

233 1720 313 1777 iactis
335 1721 364 1776 in
386 1723 562 1797 presentibus
586 1723 661 1779 facta
686 1742 742 1779 non
766 1723 869 1786 existit,
891 1740 947 1777 non
969 1721 1108 1776 obstante.
1154 1717 1188 1775 In
1212 1719 1292 1794 cujus
1314 1721 1362 1785 rei,
1384 1725 1437 1777 tic.

234 1817 319 1874 Teste
335 1817 413 1893 Rege
426 1818 501 1893 apud
515 1819 795 1875 westmonasterium
807 1817 913 1874 decimo
928 1816 973 1872 die
988 1815 1102 1872 Marcii.
1132 1814 1187 1871 Per
1196 1815 1288 1889 ipsum
1301 1815 1435 1891 Regem.’'

275 1914 355 1972 Thus
369 1916 493 1973 restored
505 1924 533 1972 to
547 1916 594 1972 the
608 1917 696 1973 entire
710 1915 881 1972 inberitance
891 1915 924 1971 oi
934 1914 978 1970 his
992 1914 1064 1981 wife,
1081 1912 1205 1969 William
1217 1911 1345 1988 Phelipp,
1357 1911 1436 1970 Lord

235 2012 359 2075 Barduli,
385 2012 439 2068 will
469 2013 540 2070 have
564 2016 657 2071 satin
684 2014 732 2070 the
758 2013 930 2070 Parliament
961 2011 1027 2070 held
1050 2020 1081 2067 at
1105 2009 1304 2067 Westminster
1325 2029 1361 2066 on
1386 2008 1435 2068 the

232 2127 349 2165 morrow
374 2109 407 2165 of
426 2109 467 2167 St
491 2110 608 2177 Martia,
634 2111 701 2167 laih
728 2109 812 2180 Nov,
837 2111 905 2168 lssth
930 2111 1008 2167 Heu.
1033 2108 1096 2172 vl..
1121 2108 1207 2175 1439,
1231 2116 1260 2164 to
1284 2106 1375 2165 which
1399 2126 1436 2164 an

232 2206 394 2283 apparently
408 2207 553 2282 imperfect
574 2207 621 2263 list
634 2209 668 2264 of
684 2208 733 2264 the
754 2228 834 2283 peers
855 2206 1019 2264 summoned
1038 2207 1158 2263 remains
1173 2225 1209 2262 on
1224 2206 1323 2262 record
1336 2224 1373 2261 on
1386 2205 1436 2262 the

233 2300 317 2360 Close
333 2301 408 2369 Roll,
427 2303 483 2360 and
492 2302 541 2359 the
549 2304 680 2360 omission
690 2305 723 2360 of
733 2303 780 2360 the
791 2323 871 2359 name
885 2304 918 2359 of
936 2303 1062 2360 William
1073 2301 1198 2375 Phelipp,
1215 2300 1293 2356 Lord
1308 2299 1434 2368 Bardolf,

232 2400 257 2456 is
270 2401 309 2478 by
322 2420 359 2457 no
373 2420 467 2457 means
490 2401 648 2457 conclusive
670 2402 702 2457 of
718 2401 765 2456 his
785 2411 835 2456 not
855 2399 962 2474 having
982 2400 1052 2456 been
1073 2397 1246 2464 summoned,
1260 2417 1292 2454 as
1310 2397 1436 2455 asserted

232 2497 270 2574 hy
284 2496 418 2571 Dugdale
431 2498 461 2551 in
476 2495 521 2551 his
536 2497 652 2552 memoir
666 2497 699 2553 of
713 2496 769 2552 this
783 2499 882 2555 baron.
924 2495 986 2552 The
1008 2494 1152 2569 following
1172 2513 1243 2571 copy
1264 2494 1297 2551 of
1315 2492 1359 2551 his
1379 2493 1435 2551 last

232 2595 288 2650 will
302 2593 358 2650 and
372 2592 419 2648 the
433 2592 610 2668 inquisitione
624 2601 820 2668 postmortem
834 2593 923 2650 afford
936 2593 1021 2669 proof
1031 2592 1064 2649 of
1075 2591 1119 2647 his
1132 2592 1217 2666 being
1228 2611 1259 2649 so
1269 2591 1435 2667 designated

231 2693 260 2748 in
275 2692 319 2747 his
334 2690 458 2758 lifetime,
472 2690 528 2746 and
541 2692 563 2746 it
577 2691 600 2748 is
615 2691 719 2748 certain
734 2691 796 2748 that
809 2691 867 2748 this
881 2690 942 2748 title
958 2711 1014 2748 was
1036 2692 1124 2748 borne
1144 2691 1182 2768 by
1196 2691 1240 2747 his
1255 2690 1433 2760 descendant,

232 2788 275 2846 his
289 2789 431 2865 grandson
445 2788 582 2857 William,
597 2788 625 2845 in
647 2789 695 2846 the
715 2789 832 2847 lifetime
853 2790 886 2846 of
902 2791 946 2847 his
966 2790 1070 2858 father,
1085 2788 1163 2847 John
1185 2789 1322 2847 Visconct
1343 2789 1434 2847 Besu-

232 2896 320 2944 mont

272 2993 289 3020 “
300 2985 363 3041 Hec
376 2994 420 3041 est
427 2985 525 3042 ultima
538 2985 667 3042 voluntas
679 2986 816 3044 Willelmi
833 2986 961 3062 Phelipp,
976 2985 1079 3044 domini
1095 2985 1129 3042 de
1144 2985 1279 3053 Bardolff,
1294 2985 1433 3059 tripartita

230 3091 259 3139 et
268 3082 412 3140 indentata
421 3084 495 3142 facta
507 3086 596 3160 primo
606 3084 651 3141 die
662 3085 765 3141 mensis
777 3085 946 3142 Decembris
956 3104 1029 3141 anno
1040 3085 1119 3159 regni
1129 3084 1218 3160 Regis
1230 3083 1350 3141 Henrici
1362 3083 1432 3138 sexti

230 3188 293 3253 post
307 3190 489 3254 conquestum
503 3180 611 3237 decimo
625 3181 751 3256 septimo.
798 3181 830 3236 ln
845 3181 942 3255 primis
956 3181 1017 3236 vult
1029 3179 1105 3254 quod
1118 3198 1169 3254 per
1182 3187 1342 3236 executores
1358 3196 1433 3244 suos,

231 3274 365 3340 videlicet,
381 3276 548 3342 Johannem,
571 3276 712 3332 dominam
726 3275 760 3332 de
776 3275 912 3341 Bardolff,
934 3284 1091 3331 consortem
1105 3283 1228 3331 suamet
1247 3273 1432 3331 executriccm

230 3372 408 3447 principalem
430 3371 590 3447 hujusmodi
614 3371 775 3436 voluntatis,
797 3368 956 3426 Johannem
974 3369 1106 3446 Heydon,
1127 3368 1302 3424 Willelmum
1322 3366 1431 3432 Goode,

230 3470 392 3543 armigeros,
407 3468 426 3524 J
428 3468 567 3524 ohannem
582 3467 687 3523 Puttolr
701 3474 730 3522 et
746 3465 899 3521 Ricardum
913 3464 1025 3521 Palmer
1039 3462 1220 3539 capellanum,
1235 3470 1432 3519 testamentum

230 3585 310 3623 suum
325 3565 416 3639 primo
429 3575 457 3620 et
468 3563 659 3639 principaliter
672 3561 795 3637 plenarie
810 3563 846 3617 sit
860 3560 1064 3637 perimpletum.
1106 3558 1178 3616 Item
1192 3557 1254 3613 vult
1267 3566 1296 3613 et
1315 3558 1432 3631 requirit

230 3682 295 3720 suos
310 3670 469 3717 executores
480 3680 514 3716 ex
526 3669 604 3734 parte
617 3659 671 3717 Dei
689 3658 897 3733 Omnipotentis
912 3656 987 3731 quod
1001 3657 1094 3712 omnia
1107 3654 1201 3712 debita
1221 3673 1271 3711 sus
1288 3673 1353 3711 vere
1367 3673 1431 3729 pro·

229 3760 303 3825 bata,
316 3759 338 3814 si
350 3774 404 3833 que
414 3756 526 3822 fuerint,
539 3755 598 3811 sine
612 3751 799 3810 defalcacione
814 3752 872 3808 sive
883 3750 1069 3807 diminucione
1082 3749 1201 3826 alicujus
1215 3749 1311 3825 partis,
1325 3750 1433 3828 integra

230 3856 434 3933 persolvantur.
463 3854 534 3909 Item
549 3851 610 3909 vult
622 3860 651 3908 et
664 3850 790 3924 assignat
799 3848 874 3924 quod
882 3847 958 3905 mille
968 3849 1053 3905 misse
1067 3867 1119 3923 pro
1133 3866 1184 3905 sita
1197 3847 1291 3906 anima
1304 3856 1362 3906 tam
1376 3849 1432 3909 cito
