3540 4830
472 497 730 544 vicacourruu
756 495 1037 539 aonnoxrsnuu.
1271 485 1328 541 169

177 661 265 712 terus
282 650 409 724 fecerat,
433 647 511 711 dum
535 647 597 712 fuit
618 648 736 727 Maior,
759 657 871 712 contra
886 657 989 711 totam
1005 646 1222 711 Communam
1240 648 1328 712 Civi-

175 752 250 814 tatis
281 762 314 814 et
343 762 454 814 contra
492 762 728 814 sacramentum
759 773 870 828 suum3
909 750 995 813 unde
1026 748 1132 813 dictus
1162 751 1326 814 Walterus

176 853 368 936 degradatus
389 853 451 915 fuit
465 854 662 936 judicialiter
680 854 720 918 de
735 851 999 916 Aldermanneria
1019 874 1087 929 sua,
1111 863 1144 916 et
1158 875 1177 915 a
1191 854 1326 916 consilio

177 954 327 1018 Civitatis
343 957 569 1039 inperpetuum
586 956 740 1039 privatus.
800 954 1049 1038 Precepiturque
1064 966 1115 1018 est
1129 954 1206 1018 viris
1221 955 1255 1019 in
1271 956 1326 1020 illo

174 1055 429 1120 Aldermannatu
444 1056 661 1134 manentibus,
670 1068 708 1119 ut
723 1056 785 1140 ipsi
801 1056 956 1139 eligerent
970 1058 1075 1119 virum
1090 1056 1255 1136 idoneum,
1270 1059 1325 1143 qui

175 1169 261 1220 esset
276 1159 515 1223 Aldermannus
538 1160 578 1222 de
601 1160 682 1236 foro,
706 1158 778 1220 loco
794 1158 890 1235 illius,
906 1170 939 1221 et
958 1158 1065 1241 ipsum
1083 1171 1326 1242 presentassent

175 1260 216 1322 ad
232 1262 415 1344 proximam
433 1261 565 1324 Curiam
582 1262 613 1323 in
632 1260 813 1337 Gildhalle3
829 1260 916 1344 quod
931 1260 1052 1323 factum
1068 1271 1128 1325 est.

220 1364 259 1426 In
275 1365 387 1448 primis
403 1365 472 1448 ipse
492 1364 612 1447 injuste
628 1362 812 1426 testifioavit
826 1362 987 1477 quendam
1002 1373 1200 1428 attornatum
1217 1386 1448 1449 recep-1101,
1451 1403 1504 1441 aas
1507 1404 1531 1442 1
1518 1414 1545 1444 ,

175 1475 245 1527 tum
264 1467 364 1530 fuisse
385 1488 443 1550 per
461 1466 559 1529 breve
582 1465 717 1528 Domini
739 1463 867 1547 Regis
859 1465 996 1527 incuria
1014 1466 1148 1528 Domini
1170 1468 1268 1551 Regis
1284 1468 1351 1532 de‘¹
1337 1459 1386 1503 ‘'¹'‘
1385 1460 1471 1506 ‘⁸¹‘
1424 1461 1533 1570 ‘'ss'‘

174 1568 293 1651 placito
318 1584 420 1647 terre3
443 1569 530 1632 unde
545 1577 659 1651 postea
678 1576 881 1650 compertum
902 1566 963 1628 fuit
982 1567 1068 1650 apud
1090 1568 1323 1633 Gildefordiam
1336 1525 1526 1646 iiiiii&

173 1671 259 1754 quod
276 1692 460 1754 nuncquam
478 1669 607 1754 aliquod
629 1667 725 1732 breve
746 1690 844 1751 super
859 1667 921 1731 hoe
936 1669 1057 1733 exierat
1072 1692 1090 1732 a
1105 1669 1321 1734 Cancellaria·
1312 1652 1402 1774 323⁸
1404 1653 1543 1780 mmm

172 1783 206 1835 et
227 1773 271 1835 ita
292 1772 455 1836 notorium
477 1781 529 1835 est
546 1770 662 1855 quod
655 1791 725 1855 ipse
743 1769 825 1833 falso
849 1770 1073 1834 testimonIum
1095 1772 1260 1856 perhibuit
1282 1775 1386 1839 deo'u
1399 1736 1500 1830 ὺιμιοο

172 1875 228 1938 illo
240 1884 402 1938 attomato
414 1884 526 1937 contra
537 1883 773 1937 sacramentum
786 1895 894 1951 suum,
905 1885 939 1937 et
953 1885 1065 1938 eontra
1077 1875 1174 1939 fidem
1187 1864 1354 1940 Domini

174 1975 282 2059 Regis,
298 1976 386 2040 etad
401 1974 685 2039 exheredationem
701 1974 802 2058 partis
818 1973 961 2038 adverse.

218 2078 314 2155 Item,
343 2078 424 2161 ipse,
450 2087 596 2161 tempore
623 2075 804 2140 Maioratus
831 2077 892 2154 sui,
916 2079 1037 2161 reoepit
1062 2078 1158 2144 breve
1188 2080 1323 2144 Domini

174 2180 283 2264 Regis,
309 2190 347 2243 ut
372 2180 411 2242 ad
436 2190 560 2243 certum
590 2178 676 2242 diem
705 2178 831 2243 veniret
859 2179 946 2262 apud
983 2181 1322 2259 westmonasterium,

172 2299 375 2364 ostensurus,
401 2309 467 2371 quo
488 2288 562 2370 jure
593 2285 691 2348 Cives
718 2285 779 2369 ipsi
806 2284 921 2348 darent
947 2282 1092 2345 Waltero
1119 2281 1158 2347 de
1187 2282 1319 2347 Merton
1383 2358 1391 2377 ⁸

1335 1798 1405 1894 libro.

172 2389 322 2454 seisinam
339 2390 380 2453 de
396 2410 497 2451 mora.
552 2388 597 2451 Et
621 2389 701 2471 ipse,
724 2387 778 2472 qui
803 2386 909 2470 ospud
933 2384 1084 2448 Civitatis
1100 2385 1161 2447 fuit
1176 2395 1209 2447 et
1224 2384 1322 2450 debet

173 2491 348 2555 Civitatem
372 2490 556 2568 defendere,
580 2491 656 2554 feeit
676 2489 839 2567 defaltum,
863 2499 897 2552 et
920 2510 987 2552 non
1012 2487 1190 2551 retornavit
1213 2486 1320 2566 breve,

170 2614 338 2677 perquam
354 2592 431 2655 dicti
446 2592 532 2655 cives
549 2592 674 2655 suntin
690 2590 833 2675 periculo
848 2590 967 2654 dictam
979 2611 1103 2653 moram
1118 2590 1299 2654 amittendi.

215 2695 310 2771 Item,
326 2716 400 2757 cum
416 2694 498 2777 ipse,
513 2703 661 2778 temporo
678 2694 859 2756 Maiomtus
875 2693 938 2770 sui,
952 2702 1117 2756 teneretur
1131 2713 1320 2757 conservare

170 2808 204 2859 et
226 2795 396 2859 observare
416 2796 520 2860 faoere
545 2818 659 2860 omnes
683 2794 801 2858 assises
823 2798 923 2859 factas
947 2816 1004 2879 per
1027 2794 1264 2859 Aldermannos
1287 2807 1320 2859 et

168 2899 324 2963 discretos
351 2899 436 2961 viros
462 2897 623 2976 Civitatis,
646 2907 679 2961 et
700 2897 913 2982 proclamatas
936 2918 993 2981 per
1015 2908 1117 2961 totam
1134 2897 1319 2977 Civitatem,

167 3000 238 3085 ipse
265 3000 413 3084 permisit
438 3001 535 3064 vendi
559 3001 725 3065 cervisiam
752 3000 785 3063 in
809 3002 916 3065 warda
939 3022 998 3063 sua
1015 3022 1074 3084 pro
1094 2998 1198 3063 tribus
1214 2999 1317 3063 obolis

168 3102 325 3185 lagenam,
341 3114 374 3165 et
396 3102 482 3164 illam
502 3102 747 3178 venditionem!
765 3100 980 3178 confirmavit,
995 3099 1193 3184 imponendo
1213 3101 1360 3184 sigillosv·
1371 3110 1417 3158 1⁴2
1429 3119 1460 3160 ι’.

167 3204 439 3268 Aldermannatus
466 3204 517 3266 sui
546 3205 578 3267 in
606 3204 744 3289 quadam
770 3224 922 3266 mensura
945 3202 1067 3284 injusta
1092 3202 1176 3264 facta
1204 3214 1316 3265 contra

168 3316 289 3369 statuta
311 3306 472 3383 Civitatis,
491 3327 553 3390 que
578 3304 765 3369 continebat
788 3302 1016 3367 tantummodo
1042 3312 1166 3365 sextam
1188 3313 1314 3387 partem

167 3410 289 3492 lagene.

211 3510 307 3586 Item,
340 3531 414 3572 cum
442 3509 524 3593 ipse,
554 3509 609 3593 qui
639 3529 698 3572 nec
727 3516 853 3590 partem
886 3504 1045 3568 sustinere
1075 3526 1135 3568 nec
1164 3506 1314 3572 salarium

166 3633 280 3696 capere
296 3611 393 3676 debet
407 3611 516 3695 aliquo
525 3611 635 3690 modo,
649 3611 719 3694 lpse
734 3618 847 3672 eontra
862 3617 1098 3672 sacramentum
1110 3629 1205 3670 suum
1219 3609 1315 3673 feoda

165 3716 252 3800 capit
267 3737 324 3800 per
339 3724 441 3778 totam
459 3712 645 3790 Ciritatem,
660 3724 694 3777 et
708 3711 869 3796 quandam
893 3732 1053 3774 summam
1077 3710 1212 3795 pecunie
1227 3712 1314 3796 capit

164 3819 330 3883 annuatim
354 3818 394 3881 de
416 3815 646 3880 communitate
670 3813 922 3898 piscenariorum
938 3814 979 3877 ad
994 3813 1201 3878 sustinendos
1224 3814 1312 3900 ipsos

164 3920 197 3983 in
214 3921 318 3984 causis
334 3920 413 3997 suis,
427 3931 493 3983 tam
509 3917 650 4002 injustis,
664 3938 760 4002 quam
771 3915 881 4000 justis.

209 4027 323 4070 cauo.
349 4026 423 4070 soc.
904 4023 922 4065 z
