3540 4830
747 403 923 450 sarraca.
1343 385 1441 450 clxvii

235 553 300 612 vult
311 564 341 614 et
353 556 479 632 sssignra
492 556 621 614 Johanne
635 557 758 614 consorti
773 576 823 615 sue
837 559 931 616 omnia
943 565 973 616 et
986 557 1100 635 singula
1113 576 1182 615 vasa
1194 575 1287 626 aurea,
1298 565 1440 633 argentes,

236 651 370 710 deaumta
383 661 411 709 et
424 671 480 710 non
495 651 636 721 deaurata,
650 672 728 721 enea,
742 661 770 710 et
784 672 959 732 quecumque
972 655 1029 713 alia
1042 656 1117 712 bona
1136 654 1250 712 mobilia
1263 661 1291 711 et
1309 655 1441 711 universa

237 750 339 808 catalla
363 769 422 818 sua,
444 750 613 825 ubicumque
636 750 751 807 inventa
775 770 824 808 seu
847 753 979 827 guadiata
1001 753 1129 819 existant,
1157 751 1193 809 ad
1217 751 1290 809 hanc
1312 750 1440 808 ultimam

236 846 409 903 voluntatem
419 846 647 922 perimplendam‚
658 846 712 903 illis
724 848 798 904 vasis
809 867 872 905 cum
887 848 1109 923 quibuscumque
1123 847 1184 904 aliis
1198 848 1279 904 bonis
1294 847 1439 923 specialius

236 945 265 1002 in
289 944 343 1001 hac
364 943 508 1000 voluntate
530 943 630 1018 legatis
652 944 787 1002 duntaxat
806 946 937 1021 exceptis.
977 945 1023 1002 Ita
1040 945 1115 1021 quod
1129 953 1193 1022 post
1207 944 1351 1003 decessum
1365 945 1438 1002 dicte

235 1040 364 1100 Johanne
378 1039 491 1096 dimidia
505 1059 569 1115 pars
584 1039 722 1096 dictorum
734 1060 864 1098 vasorum
878 1059 1027 1098 aureorum
1041 1049 1070 1097 et
1083 1051 1281 1117 argenteorum
1295 1049 1438 1097 remaneat

235 1145 264 1195 et
277 1138 436 1213 assignetur
451 1135 615 1194 Elizabethe
636 1136 692 1194 filie
713 1138 779 1195 dicti
794 1138 929 1196 Willelmi
950 1147 979 1194 et
1000 1138 1139 1206 Johanne,
1165 1139 1188 1194 si
1209 1145 1277 1195 tunc
1297 1146 1437 1213 superstes

232 1233 327 1302 fuerit,
337 1241 366 1291 et
379 1232 528 1289 heredibus
538 1233 668 1290 masculis
681 1234 715 1290 de
729 1253 844 1309 corpore
855 1234 928 1291 dicte
939 1234 1102 1291 Elisabethe
1112 1234 1248 1310 legittime
1261 1235 1437 1303 exeuntibus,

235 1329 387 1387 secundum
410 1330 603 1386 discretionem
624 1339 652 1387 et
673 1331 801 1387 ultimam
822 1332 994 1388 voluntatem
1015 1331 1088 1388 dicte
1109 1331 1239 1389 Johanne
1260 1330 1366 1407 absque
1386 1331 1438 1387 im·

234 1427 379 1503 peticione,
400 1426 604 1503 inquietacione
626 1447 675 1485 seu
698 1427 855 1505 calumpnia
875 1429 949 1485 dicte
971 1428 1145 1496 Elisabethe,
1166 1428 1302 1485 heredum
1322 1447 1435 1484 suorum

234 1524 280 1581 rel
293 1523 411 1581 aliorum
426 1542 665 1600 quommcumque
680 1543 777 1581 versus
792 1525 893 1581 dictam
908 1523 1068 1582 Johannam
1083 1523 1117 1580 de
1137 1533 1166 1581 et
1186 1543 1237 1599 pro
1250 1525 1344 1599 aliqua
1358 1533 1437 1600 parte

233 1620 307 1678 dicte
334 1619 489 1676 medietatis
517 1639 648 1677 vasorum
671 1621 819 1687 movenda,
845 1619 973 1676 facienda
1001 1638 1050 1676 seu
1074 1620 1255 1695 imposterum
1280 1620 1436 1695 alleganda.

236 1718 312 1776 Etsi
326 1718 417 1774 dictus
432 1716 592 1774 Willelmus
606 1718 710 1776 dictam
724 1718 885 1777 Johannam
899 1717 1091 1792 supervixerit,
1102 1725 1170 1772 tunc
1184 1716 1246 1773 vult
1259 1716 1335 1793 quod
1348 1717 1437 1776 altera

232 1834 297 1893 pars
324 1833 454 1871 vasorum
481 1834 639 1883 aureorum,
667 1825 863 1891 argenteorum
889 1812 1095 1880 deauratorum,
1119 1823 1147 1869 et
1169 1813 1262 1870 omnia
1285 1812 1340 1871 alia
1363 1813 1437 1871 bona

232 1910 347 1967 mobilia
360 1911 529 1988 ubicumque
549 1911 655 1969 fuerint
675 1913 790 1969 inventa
809 1930 859 1987 per
884 1929 949 1966 suos
973 1919 1136 1966 executores
1157 1908 1314 1966 vendantur
1327 1919 1357 1967 et
1371 1928 1435 1966 cum

233 2008 352 2064 denariis
372 2007 437 2063 inde
459 2009 686 2082 provenientibus
710 2028 789 2066 suam
810 2009 883 2067 hanc
904 2008 1030 2065 ultimam
1051 2005 1232 2082 perimpleant
1253 2007 1434 2066 voluntatem.

234 2104 305 2162 Item
321 2102 382 2159 vult
394 2112 424 2159 et
437 2104 553 2179 requirit
568 2125 632 2161 snos
647 2117 809 2162 executores
823 2106 900 2181 quod
913 2107 986 2162 bene
1006 2113 1034 2161 et
1055 2103 1172 2160 honeste
1186 2104 1315 2160 ordinent
1328 2113 1356 2161 et
1370 2124 1434 2179 pro·

233 2202 345 2259 videant
367 2203 511 2258 annuatim
532 2204 715 2277 competentia
736 2203 885 2267 esculenta,
900 2202 1056 2278 poculenta,
1072 2221 1178 2276 pannos
1191 2201 1280 2259 lineos
1294 2222 1326 2259 ac
1342 2203 1434 2259 omnia

230 2298 285 2354 alia
298 2297 454 2354 necessaria
467 2295 503 2353 ad
518 2298 752 2353 sustentacionem
765 2298 843 2354 Petri
856 2297 998 2373 Hertyng‚
1013 2296 1078 2353 Ade
1091 2295 1243 2364 Bedeman,
1255 2305 1283 2352 et
1294 2295 1433 2353 Johannis

231 2395 324 2451 Wode
338 2395 492 2470 spectantia
504 2395 540 2450 ad
554 2394 704 2449 terminum
718 2394 774 2450 vite
789 2412 885 2449 eorum
901 2412 949 2448 seu
963 2393 1034 2467 ejus,
1050 2393 1073 2447 si
1088 2400 1155 2448 tunc
1176 2393 1203 2446 in
1225 2393 1287 2468 ejus
1308 2392 1433 2467 hospicio

230 2491 289 2547 sint
303 2496 508 2564 permanentes.
549 2487 621 2543 ltem
643 2488 704 2542 vult
729 2496 757 2543 et
781 2488 908 2562 assignat
930 2487 1053 2543 cantaris
1078 2505 1127 2542 sue
1148 2495 1245 2544 vocate
1261 2486 1433 2564 “Philippos

231 2580 423 2644 Chaunterie”
459 2600 546 2637 unum
574 2582 771 2638 vestimentum
795 2583 937 2657 integrum
959 2582 993 2638 de
1014 2582 1120 2638 velvett
1140 2602 1204 2638 cum
1225 2582 1314 2639 cervis
1337 2602 1433 2659 super·

229 2681 352 2760 operatis
366 2698 430 2736 cum
444 2687 504 2736 toto
517 2687 653 2755 apparatu
663 2678 745 2736 altari
759 2681 915 2756 pertinente
929 2689 957 2737 et
974 2699 1061 2737 unum
1074 2680 1272 2738 vestimentum
1286 2682 1381 2739 album
1397 2682 1432 2740 de

228 2782 334 2839 velvett
347 2798 411 2836 cum
427 2787 487 2836 toto
501 2787 577 2835 secta
591 2779 747 2836 vestimenti
762 2778 845 2844 illius,
860 2787 889 2834 et
909 2798 1044 2854 magnum
1065 2779 1227 2854 psalterium
1248 2798 1353 2836 novum
1366 2799 1432 2838 cum

229 2878 340 2958 hymnis
354 2885 383 2935 et
396 2878 487 2935 officio
501 2886 685 2936 mortuorum.
730 2877 801 2934 ltem
822 2879 948 2953 assignat
970 2876 1043 2933 dicte
1064 2877 1195 2935 Cantarie
1209 2886 1272 2951 post
1286 2877 1430 2934 decessum

228 2976 301 3033 dicte
314 2974 444 3033 Johanne
457 2993 545 3030 unum
559 2993 662 3030 novum
679 2971 803 3031 Gradale
818 2981 845 3029 et
859 2992 947 3029 unum
961 2972 1130 3029 turribulum
1144 2982 1317 3048 argenteum.
1357 2972 1430 3030 ltem

228 3074 302 3149 legat
326 3072 400 3129 dicte
423 3072 538 3129 ecclesie
563 3070 598 3128 de
623 3069 796 3148 Denyngton
824 3080 889 3146 post
917 3070 1062 3127 decessum
1084 3071 1158 3127 dicte
1186 3070 1317 3129 Johanne
1343 3089 1430 3127 unam

226 3187 328 3226 novam
350 3167 513 3243 Legendam
541 3186 591 3242 pro
619 3167 765 3223 animabus
793 3164 934 3223 Johannis
965 3165 1076 3241 Philipp
1104 3166 1210 3232 militis,
1239 3165 1374 3222 Willelmi
1401 3174 1429 3222 et

226 3264 356 3325 Johanne
365 3262 561 3338 predictorum,
573 3271 728 3337 parentum,
740 3261 902 3324 amicorum,
913 3261 1122 3317 benefactorum
1132 3268 1160 3316 et
1171 3260 1295 3315 omnium
1305 3259 1429 3315 fidelium

227 3363 452 3421 defunctorum!t
494 3357 567 3415 Item
582 3357 644 3414 vult
656 3365 685 3414 et
699 3358 825 3432 assignat
841 3366 904 3431 post
925 3356 1069 3412 decessum
1090 3355 1164 3412 dicte
1185 3355 1315 3413 Johanne
1336 3355 1429 3414 omnia

223 3548 250 3593 ol
260 3547 386 3598 Manassae,
398 3543 481 3588 Comte
489 3543 516 3587 os
525 3542 624 3598 Gnines,
640 3541 688 3585 and
701 3541 727 3585 ol
737 3540 830 3593 Emma,
841 3539 878 3583 his
890 3539 951 3591 wife,
963 3538 1081 3596 daughter
1091 3540 1139 3584 and
1151 3539 1233 3584 cohoir
1243 3540 1270 3585 ot
1284 3538 1391 3585 Willism
1403 3542 1430 3587 ot

225 3629 327 3684 ΔΝΜ,
348 3624 486 3681 mi⁸l>¹”'¹¹¹ied
508 3624 626 3666 “Artas''
646 3623 676 3680 by
688 3620 799 3680 Dugdala
815 3620 863 3663 and
882 3618 994 3674 Tanncr;
1010 3618 1058 3662 snd
1076 3619 1116 3664 tho
1133 3634 1204 3664 name
1221 3621 1248 3666 oi
1264 3621 1304 3665 tha
1324 3621 1428 3669 Prioress

224 3707 302 3755 Alicis
316 3704 419 3761 Lampitt
431 3703 449 3746 is
460 3716 491 3746 an
502 3702 609 3747 addition
621 3708 646 3746 to
658 3701 698 3746 the
714 3698 891 3744 nomenclatura
902 3697 929 3742 oi
938 3698 967 3742 its
977 3696 1095 3756 superiora
1108 3717 1114 3754 ;
1130 3698 1185 3757 they
1197 3714 1258 3745 wera
1271 3701 1427 3750 Benedictins

223 3805 398 3927 nulllllngdsle
410 3865 467 3910 cites
478 3863 525 3908 this
536 3876 632 3923 passage
644 3862 704 3907 from
716 3859 757 3906 tho
768 3857 817 3904 will
835 3858 860 3904 in
872 3858 970 3918 register
984 3857 1105 3920 fflchaly,
1123 3875 1146 3920 p.
1158 3859 1215 3918 481,
1226 3862 1251 3907 in
1263 3863 1333 3922 proci
1347 3864 1374 3910 oi
1387 3864 1425 3911 his

222 3964 349 3999 erroneous
366 3951 500 4004 statement,
518 3945 570 3991 that
587 3944 626 3991 Sir
637 3942 702 3992 John
715 3941 823 4001 Pbslipp,
842 3939 937 4000 knigbt,
951 3954 998 3986 aas
1015 3939 1093 3989 iathar
1107 3944 1134 3989 ol
1150 3943 1190 3990 Sir
1198 3942 1306 3993 william
1315 3946 1424 4008 Pholipp,
