3540 4830
445 502 706 549 vicenoniae!
732 502 1021 552 nonnosum.
1242 493 1301 552 115

151 652 266 737 gladiis
280 660 315 717 et
329 652 426 717 armis
441 676 553 720 eorum
570 655 783 741 complicibus
798 657 958 742 promptis
973 667 1007 724 et
1022 656 1153 744 paratis,
1173 657 1214 722 ad
1229 678 1303 743 pre·

150 755 270 818 dictam
280 756 432 819 seloniam
448 758 676 841 perficiendam
690 785 699 836 3
712 771 747 823 et
761 758 853 824 ecce!
868 779 1015 822 rumores
1030 758 1071 821 da
1086 757 1199 842 prelio,
1213 758 1301 843 quod

151 866 258 919 actum
272 858 335 922 fuit
344 860 432 942 apud
443 860 606 924 Evesham
617 861 669 925 die
679 862 797 926 Martis
810 861 1005 947 precedenti,
1009 865 1023 937 l
1033 858 1151 945 quibus
1162 860 1344 936 rumori-so.
1357 876 1401 923 ιιι
1416 884 1447 925 ν.

150 957 212 1022 bus
227 959 358 1039 auditis,
379 961 443 1046 ipsi
463 962 565 1046 iniqui
579 963 639 1026 viri
656 962 787 1027 Belialis
801 986 821 1027 a
836 963 1003 1048 proposito
1026 981 1086 1026 auo
1102 981 1137 1025 ac
1159 968 1300 1026 retraxe-

151 1071 237 1138 runt,
253 1073 286 1127 ct
301 1063 444 1128 salvatus
459 1063 597 1149 sangnis
613 1064 765 1128 innoxius
781 1065 815 1127 in
830 1064 885 1128 illa
899 1063 963 1128 die.

194 1162 338 1226 Nomina
351 1163 491 1244 illorum,
506 1166 561 1249 qui
576 1165 796 1251 principaliter
818 1167 949 1231 suerunt
969 1163 1109 1230 ordinati
1132 1163 1174 1228 ad
1199 1162 1299 1228 inter·

148 1262 334 1330 ficiendum.

233 1366 403 1433 Johannes
417 1368 458 1433 de
474 1367 636 1434 Giaorcio.

235 1469 432 1535 Willielmus
446 1471 533 1535 filius
551 1471 691 1535 Ricardi.

235 1571 404 1636 Johannes
418 1573 614 1651 Addrienus‚
630 1573 820 1658 Draparius.

235 1673 430 1738 Willielmus
446 1675 486 1739 de
503 1675 688 1740 Dunelmia.

236 1773 413 1860 Gregorius
425 1776 465 1840 de
482 1776 632 1842 Rokeslc.

236 1876 433 1961 Reginaldus
448 1878 488 1943 de
505 1878 691 1943 Suffolchia.

233 1978 397 2042 Arnaldus
411 1980 624 2046 Thadmarus.

235 2079 398 2145 Robertin
413 2080 454 2147 de
469 2082 671 2147 Corenhclle.

235 2183 401 2248 Galfridus
417 2185 457 2249 de
473 2184 666 2249 Wincestre.

233 2281 401 2347 Johannes
422 2282 558 2347 Derkin.

190 2383 861 2471 BartholomeusdeCaste1103interquem
872 2387 1067 2453 etnnumde
1078 2387 1231 2452 maleficis
1242 2408 1295 2451 or·

146 2496 181 2549 ta
192 2486 254 2550 fuit
268 2487 309 2550 de
324 2509 410 2551 novo
420 2486 556 2553 verbosa
571 2490 738 2553 contentio
739 2491 906 2574 ,predicto
922 2490 1153 2555 Bartholomeo
1165 2491 1294 2555 fovente

146 2599 254 2674 partes
266 2589 408 2653 Domine
419 2589 582 2663 Edwardi
593 2603 627 2655 et
637 2592 738 2656 altero
751 2604 859 2677 partes
868 2592 1008 2657 Comitis
1020 2592 1207 2658 leicestrie.

188 2693 319 2771 [Adhuc
334 2692 489 2756 remansit
500 2694 663 2759 Dominus
681 2695 778 2779 Hugo
789 2694 875 2759 filius
887 2694 1007 2761 Otonis
1023 2693 1337 2763 Constabulariussv·
1349 2702 1397 2751 1¹⁶
1408 2710 1440 2751 ι’·

145 2795 256 2858 Turris
277 2794 519 2859 Londoniarum
539 2809 571 2861 et
587 2797 709 2862 Custos
732 2797 894 2876 Civitatis,
916 2805 951 2861 et
975 2796 1112 2882 predicti
1128 2794 1292 2861 Robertus
1304 2769 1464 2881 {23123‘2
1445 2768 1494 2817 ⁸⁶⁸

145 2908 182 2963 et
217 2898 362 2962 'I'homas
387 2897 498 2961 ballivi
523 2898 685 2979 Civitatis,
722 2899 791 2964 sire
821 2899 928 2984 aliqua
951 2919 1035 2964 nova
1060 2897 1217 2963 electione
1240 2898 1391 2963 velana»
1430 2896 1499 2959 ψ’

145 3001 396 3085 presentatione,
427 3000 484 3085 qui
511 3012 737 3066 remanserunt
765 3023 868 3087 usque
904 3001 946 3066 ad
979 3014 1108 3066 sextum
1128 3000 1290 3065 decimum
1303 2962 1486 3074 ΜΨ

146 3103 232 3166 diem
246 3104 269 3168 J
271 3104 328 3168 uhi
343 3104 518 3188 sequentis.
1303 3091 1408 3200 ⁸2⁰⁶*
1417 3090 1477 3139 Ψ

189 3205 452 3282 Memorandum,
480 3206 568 3289 quod
593 3204 796 3290 temporibus
815 3205 958 3290 antiquis
980 3212 1139 3268 statutum
1167 3203 1231 3267 fuit
1256 3170 1470 3267 enimam
1470 3234 1497 3263 ·

144 3307 312 3423 provisum
327 3307 367 3370 de
383 3305 517 3385 retibus,
532 3306 650 3391 quibus
665 3307 865 3371 debentur
835 3307 950 3391 piscari
965 3308 998 3370 in
1010 3305 1176 3369 'l'hamisia
1177 3305 1290 3390 ‚quod
1302 3282 1415 3331 ‘'⁶⁸⁰⁸''

146 3411 179 3473 in
205 3408 278 3471 sinu
304 3408 416 3471 talium
441 3408 559 3471 retium
584 3408 681 3472 debet
707 3408 849 3472 mascula
872 3429 944 3473 esse
963 3416 1115 3472 contexta
1146 3406 1192 3471 ita
1206 3407 1293 3490 larga

145 3511 231 3595 quod
248 3509 367 3594 ungula
393 3509 518 3594 pollicis
541 3510 638 3573 unius
660 3510 802 3574 hominis
828 3531 886 3595 per
899 3508 986 3573 illam
1001 3517 1071 3572 tota
1084 3507 1191 3592 ponit
1204 3516 1293 3571 tran·

146 3614 230 3691 sire3
254 3624 288 3675 ct
313 3612 340 3674 si
370 3611 476 3695 aliqua
494 3612 637 3675 mascula
661 3611 693 3675 in
720 3612 825 3695 aliqua
851 3621 918 3675 rete
933 3609 1030 3674 fuerit
1053 3609 1187 3673 inventa
1200 3608 1293 3673 aliter

144 3724 306 3792 contexta,
318 3723 424 3777 totum
441 3724 508 3778 rete
523 3713 620 3778 debet
635 3713 878 3797 condempnari.
933 3711 1031 3778 Unde
1043 3708 1190 3795 contigit,
1205 3709 1292 3794 quod

144 3830 219 3882 ante
235 3818 352 3882 festum
370 3816 480 3880 Sancti
506 3815 676 3880 Michaelis
698 3815 761 3879 hoc
778 3837 875 3892 anno,
900 3824 935 3878 et
954 3813 1052 3878 etiam
1066 3826 1144 3897 post
1163 3814 1294 3889 festum,

144 3921 277 3984 fuerunt
302 3920 395 4005 plura
420 3919 500 3983 retia
529 3929 635 4004 capta,
660 3929 694 3983 et
719 3918 860 3983 adducta
888 3916 974 4002 apud
1005 3914 1227 3995 Gildhalliam,
1260 3924 1294 3980 et

145 4023 276 4102 ibidem,
299 4044 357 4108 pcr
381 4023 436 4107 xij.
463 4022 550 4086 viros
573 4022 702 4105 juratos
723 4019 764 4086 de
786 4020 929 4099 civitate,
949 4018 1005 4103 qui
1030 4016 1151 4083 nullam
1168 4028 1293 4103 partem
