3540 4830
457 486 713 533 vrcucorsrsuu
741 483 1031 530 aouuoaiaaau.
1254 473 1315 531 119

162 652 200 708 et
214 641 312 721 Jude,
329 639 406 706 lecit
429 640 591 704 Dominus
617 640 687 703 Rex
709 639 819 703 venire
844 658 952 703 coram
980 658 1016 704 se
1039 645 1074 704 et
1096 636 1233 703 consilio
1256 660 1317 703 suo

164 746 271 810 dictos
287 752 480 808 mercatores
496 742 581 826 apud
599 739 940 818 Westmonasterium,
954 749 989 804 et
1009 738 1084 824 quia
1099 738 1162 824 ipsi
1176 739 1317 805 convicti

166 858 245 912 aunt
259 846 456 932 ponderasse
471 865 529 928 per
543 854 679 907 stateras
694 864 807 906 eorum
822 851 936 906 contra
951 841 1202 926 prohibitionem
1220 842 1318 926 llegis

168 961 201 1015 et
217 959 293 1034 post
307 945 591 1034 proclamationem
609 945 724 1006 iactam
745 944 780 1007 in
805 942 957 1019 civitais,
982 953 1016 1007 et
1040 943 1116 1027 quia
1141 952 1259 1008 statere
1284 952 1319 1008 et

168 1052 313 1136 pondera
326 1070 450 1126 eorum,
465 1044 594 1132 quando
609 1045 793 1109 examinata
807 1046 939 1109 fuerunt
963 1045 997 1108 in
1023 1045 1197 1110 Escambio
1221 1045 1318 1130 Regis

171 1154 303 1217 suerunt
318 1151 408 1228 salsa,
423 1160 462 1213 ut
476 1149 604 1226 dicitur,
626 1147 769 1223 inventa,
784 1146 846 1230 ipsi
868 1147 1042 1231 adjudicati
1057 1149 1187 1212 suerunt
1202 1148 1235 1211 in
1260 1147 1320 1211 mi-

169 1254 354 1331 aericordia,
369 1264 403 1318 et
427 1252 468 1315 ad
494 1251 682 1336 prisonem;
708 1248 764 1334 qui
788 1249 910 1327 statim,
931 1272 1067 1315 numero
1093 1251 1218 1315 circiter
1243 1247 1320 1329 xxti,

168 1355 303 1420 adducti
318 1366 397 1418 sunt
411 1353 452 1416 ad
466 1353 607 1431 Turrim,
621 1361 656 1416 et
670 1350 715 1414 ibi
730 1349 943 1433 imprisonati.
999 1351 1040 1414 In
1056 1352 1195 1416 crastino
1210 1362 1319 1417 autem

167 1468 285 1522 statere
300 1478 411 1520 eorum
427 1465 461 1518 et
475 1454 619 1539 pondera
634 1453 667 1515 in
694 1451 873 1534 Westcbep
889 1453 1021 1516 suerunt
1047 1463 1261 1532 concremata,
1287 1463 1321 1518 et

167 1561 254 1644 quod
269 1581 327 1645 per
342 1559 449 1642 ignem
464 1578 530 1620 non
546 1554 655 1641 potuit
669 1553 828 1630 consumi,
841 1554 964 1617 malleis
980 1555 1090 1618 ferreis
1105 1555 1167 1619 fuit
1181 1557 1319 1620 fractum

167 1673 202 1726 et
217 1662 345 1746 penitus
361 1668 624 1743 conquassatum.
669 1656 714 1719 Et
730 1656 791 1718 hoc
807 1655 928 1719 tactum
944 1656 1006 1719 fuit
1027 1655 1060 1719 in
1076 1656 1222 1720 absentia
1236 1656 1320 1720 Cus-

168 1765 255 1828 todis
273 1773 307 1826 et
323 1760 521 1825 Ballivorum
550 1757 722 1835 Civitatis3
748 1758 806 1821 sed
832 1757 1037 1821 solummodo
1061 1780 1119 1843 per
1138 1757 1319 1822 Waltcrum

172 1865 284 1930 Hervi.
328 1864 421 1927 Tunc
436 1864 582 1927 fecerunt
597 1861 732 1944 predicti
749 1870 941 1924 mercatores
957 1860 1055 1925 finem
1068 1882 1181 1924 versus
1197 1862 1319 1946 Regem

168 1989 228 2051 pro
244 1965 330 2029 mille
344 1963 434 2028 libris
451 1962 690 2046 sterlingorum,
705 1971 738 2026 et
753 1961 844 2046 quasi
859 1962 973 2042 coacti,
993 1963 1069 2046 quia
1083 1963 1115 2026 in
1131 1962 1319 2049 turpissimo

167 2089 295 2134 carcere
310 2066 432 2130 intrudi
447 2065 674 2129 formidabant.

216 2172 290 2235 Hoc
301 2191 387 2233 anno
403 2169 539 2232 missum
554 2178 606 2233 est
620 2167 717 2231 breve
730 2166 864 2231 Domini
876 2168 972 2252 Regis
984 2168 1068 2233 circa
1079 2169 1196 2233 festum
1209 2168 1320 2234 Sancti

172 2271 332 2349 Nicbolai,
363 2269 513 2345 Custodi,
543 2268 677 2332 Ballivis
700 2279 734 2331 ct
756 2267 984 2332 Aldermannis
1014 2269 1177 2348 Civitatis,
1198 2270 1232 2333 in
1256 2291 1320 2354 quo

169 2372 397 2438 continebatur
412 2370 499 2456 quod
523 2370 591 2454 ipse
608 2369 763 2453 precepit,
789 2379 826 2433 ut
849 2390 963 2433 omnes
983 2371 1029 2434 illi
1049 2371 1117 2455 qui,
1139 2381 1214 2456 post
1234 2371 1322 2434 Civi-

172 2486 271 2538 tatem
287 2474 316 2537 ei
332 2472 502 2549 redditam,
521 2471 752 2554 elongaverunt
779 2494 813 2534 se
838 2495 857 2534 a
880 2471 1019 2536 Ciuitate
1041 2483 1131 2537 metu
1152 2473 1322 2537 amittendi

170 2577 271 2639 vitam
292 2573 366 2654 (vel
382 2572 537 2650 membra,
552 2583 585 2636 et
599 2583 678 2635 sunt
692 2573 821 2650 reversi,
831 2573 1000 2657 ejiciantur
1014 2597 1033 2636 a
1046 2574 1197 2652 Ciuitate,
1212 2596 1252 2638 nc
1265 2597 1322 2660 per
1328 2590 1365 2649 so.
1378 2589 1425 2635 lle
1439 2595 1467 2634 ιο.

169 2679 243 2743 illos
259 2679 302 2741 sit
317 2677 432 2740 iterum
448 2677 557 2738 fusum
583 2696 745 2739 venenum
761 2675 793 2738 in
811 2675 973 2754 Civitate3
998 2677 1097 2755 unde,
1122 2679 1322 2762 congregatis

170 2781 330 2859 Custode,
347 2779 489 2857 Ballivis,
505 2788 538 2843 et
553 2778 712 2841 universis
726 2778 964 2858 Aldermanms,
981 2779 1117 2864 predicti
1131 2779 1221 2844 brevi
1237 2780 1321 2846 lecto

169 2896 205 2948 et
221 2883 395 2960 intellecto,
410 2881 531 2945 Custos
547 2880 682 2965 protulit
706 2880 879 2964 quemdam
905 2880 1061 2959 rotulum,
1086 2904 1183 2967 quem
1209 2882 1323 2947 habuit

173 2988 207 3051 in
231 2984 432 3050 Warderoba
462 2984 596 3048 Domini
633 2984 741 3068 Regis,
778 2983 812 3046 in
838 3005 904 3067 quo
938 2984 1059 3070 scripta
1087 2996 1166 3050 sunt
1191 2987 1324 3050 nomina

173 3090 361 3165 multorum,
377 3087 476 3171 quiin
492 3085 735 3170 perturbatione
750 3084 840 3168 regni
854 3085 953 3168 gratis
977 3087 1174 3152 adheserunt
1201 3087 1323 3152 Comiti

174 3188 359 3264 Leicestrie,
375 3188 528 3251 facientes
544 3186 790 3270 depredationes
806 3185 839 3248 in
851 3185 991 3251 Ciuitate
1006 3198 1041 3250 et
1054 3198 1165 3266 extra3
1179 3189 1323 3271 quivero

172 3290 298 3354 rotulus
313 3288 515 3373 compositus
530 3289 593 3351 luit
614 3309 673 3372 per
694 3286 939 3372 inquisitionem
963 3286 1166 3370 quorundam
1194 3287 1323 3353 Civium

173 3393 213 3455 de
228 3388 432 3473 legalioribus
449 3387 611 3465 Civitatis,
621 3397 655 3451 et
669 3389 788 3450 missus
804 3386 845 3449 ad
855 3386 1088 3451 Warderobsm
1101 3387 1197 3472 Regis
1211 3389 1322 3453 statim

172 3501 346 3577 postquam
361 3490 424 3554 fuit
446 3489 475 3552 ei
502 3487 637 3552 reddita.
698 3488 774 3553 Quo
798 3487 905 3551 rotulo
929 3487 1014 3551 lecto
1039 3498 1074 3553 et
1096 3488 1260 3554 intellecto
1285 3513 1322 3555 ac

172 3591 368 3667 examinato,
384 3589 517 3654 scrutati
534 3599 612 3652 sunt
633 3588 713 3652 tales
737 3600 770 3654 et
794 3589 925 3653 nomina
950 3588 1097 3674 ipsorum
1122 3589 1156 3654 in
1182 3591 1322 3676 quodam

173 3695 280 3758 rotulo
296 3692 425 3775 scripta.
471 3691 598 3767 Postea,
613 3701 727 3773 quarto
743 3691 795 3754 die
811 3700 886 3755 ante
910 3691 1049 3755 Nathale
1074 3692 1219 3771 Domini,
1245 3714 1323 3756 con·

173 3805 303 3880 gregato
320 3792 544 3856 innumerabili
560 3791 682 3877 populo
697 3792 737 3855 de
761 3793 901 3857 Ciuitate
925 3793 958 3857 in
986 3792 1123 3858 Camers
1149 3794 1322 3874 Gildhalle‚

174 3897 375 3981 divulgatum
390 3905 441 3958 est
458 3894 537 3957 illud
554 3895 732 3979 negotium,
752 3906 786 3960 et
807 3895 927 3960 lectum
953 3905 1004 3960 est
1018 3896 1201 3981 predictum
1225 3896 1322 3961 breve

175 4000 309 4065 Domini
328 3998 436 4082 Regis,
452 4007 485 4062 et
500 3997 581 4063 lecta
597 4008 675 4062 sunt
690 3999 823 4064 nomina
837 3998 978 4079 illorum,
989 3999 1045 4085 qui
1058 3999 1230 4066 amovendi
1246 4009 1324 4064 sunt
