3540 4830
663 460 861 505 nrrcnmx.
1274 448 1339 510 229

222 616 260 662 De
271 616 316 661 hiis
327 615 423 674 insuper
434 613 476 673 qul
488 613 518 658 de
529 614 664 671 urrunnu,
676 628 736 673 ques
747 614 841 660 trudere
852 613 936 660 solunt
946 613 977 659 ed
988 613 1118 662 terminum
1132 627 1259 673 uncorum,
1272 624 1297 663 et
1311 624 1339 664 ut
1352 618 1378 664 0.
1390 617 1441 679 viij.

191 699 286 744 Domini
298 697 421 741 tmdomm
432 696 544 741 emittent
554 696 673 742 custodies
683 710 737 741 suus
746 695 804 741 sulse
814 696 956 755 contingunt
967 695 1109 743 leoinments
1117 699 1264 744 continentie
1274 699 1339 758 quod

189 781 222 825 cis
233 779 378 824 sntinlnetum
397 785 431 823 est
448 778 479 822 de
489 793 582 823 summe
598 778 689 822 servicii
707 778 731 822 in
748 777 795 822 illis
805 777 911 823 contenti
923 791 999 836 usque
1009 776 1040 822 ed
1052 778 1181 823 terminum
1192 778 1305 838 eliquem‚
1317 785 1341 824 et

189 860 253 919 quod
266 865 317 918 post
329 859 457 903 terminum
474 858 607 917 predictum
624 857 713 902 solvere
731 863 858 903 tenuentur
869 855 1005 917 hujusmodi
1016 856 1096 902 iecisti
1107 871 1224 903 summum
1235 858 1340 917 sliquem

189 940 290 984 retorem
311 945 427 984 terrerum
447 938 542 984 illerum
563 939 587 982 in
607 937 683 982 multo
700 938 864 992 excedentem,
883 938 959 982 uteie
977 944 1029 997 post
1047 937 1176 983 terminum
1192 937 1261 983 illum
1279 944 1342 984 tum

189 1035 272 1066 eorum
284 1026 416 1066 revertetur
426 1021 456 1064 sd
470 1021 538 1079 ipsos,
550 1034 578 1065 eo
590 1020 653 1078 quod
667 1034 737 1064 nemo
752 1034 791 1064 ees
802 1034 845 1080 pro
856 1026 923 1065 tento
936 1026 1017 1065 tenere
1027 1024 1130 1075 cureret,
1141 1019 1261 1078 provisum
1272 1027 1307 1065 eet
1318 1027 1341 1066 et

189 1116 326 1147 conclusum
347 1109 374 1146 ut
394 1116 436 1160 per
455 1101 591 1162 huJusmodi
613 1101 721 1145 lrsudem
743 1100 825 1145 nuilus
847 1100 960 1160 Capitulis
981 1100 1100 1148 Dominus
1121 1101 1253 1148 custodiam
1273 1115 1341 1147 suem

188 1185 299 1239 emittm
317 1191 495 1243 verumptumen
516 1198 563 1228 non
585 1183 666 1227 licebit
682 1182 716 1227 eis
733 1182 870 1242 huJusmodi
887 1182 978 1230 loolstls
994 1184 1045 1230 sine
1058 1184 1151 1244 judicio
1166 1183 1289 1239 disee'uire,
1300 1184 1341 1229 sed

190 1267 260 1310 breve
272 1267 366 1326 cupient
377 1266 408 1311 de
419 1266 526 1311 custodis
537 1264 673 1326 hujusmodi
685 1265 729 1309 sibi
741 1264 866 1309 reddendo
877 1271 900 1310 et
911 1272 1034 1324 pertentes
1046 1266 1070 1310 ln
1083 1266 1153 1311 certis
1164 1265 1195 1312 de
1205 1266 1342 1326 huJusmodi

190 1348 334 1393 leoinmento
351 1354 482 1402 contentos,
501 1362 550 1393 une
565 1362 621 1393 cum
638 1347 690 1392 eliis
707 1347 787 1392 liberis
798 1353 821 1391 et
832 1345 948 1405 legelibus
960 1347 990 1392 de
1001 1348 1085 1406 petris,
1096 1354 1120 1393 et
1132 1361 1174 1407 per
1185 1349 1342 1408 quuntitetem

190 1429 274 1475 valoris
292 1430 422 1475 tenementi
442 1437 465 1475 et
483 1443 526 1489 per
545 1430 702 1488 quentitstem
719 1442 811 1473 summe
828 1442 901 1487 quum
918 1428 986 1473 reddi
1004 1429 1075 1474 debet
1086 1435 1138 1488 poet
1149 1430 1278 1475 terminum
1289 1444 1341 1489 pre·

189 1511 290 1567 dietum,
310 1513 442 1568 attingatur
462 1518 544 1556 utrum
559 1510 695 1571 huiusmodi
711 1509 889 1555 lcoilsmentum
901 1511 963 1555 bone
974 1510 1021 1554 ilde
1033 1510 1122 1555 {sctum
1132 1511 1163 1555 sit
1174 1510 1210 1555 rel
1222 1512 1247 1555 in
1259 1512 1342 1557 lrsude

189 1594 220 1636 sd
231 1593 396 1637 sufferendum
408 1593 557 1652 Capitulinus
570 1591 677 1637 Dominis
690 1591 822 1637 custodium
833 1605 909 1637 susm.
933 1590 1050 1636 elumen
1062 1591 1180 1651 Capiteles
1192 1591 1289 1637 Domini
1300 1605 1343 1653 per

187 1674 307 1732 ¹iudicium
319 1674 385 1718 curie
396 1680 537 1732 recuperent
549 1674 573 1717 in
586 1672 721 1733 hujusmodi
731 1673 823 1717 essibus
834 1671 965 1718 custodium
976 1685 1051 1728 suum,
1059 1672 1123 1717 seire
1133 1672 1163 1718 sit
1175 1672 1342 1719 nichilominus

189 1754 324 1812 hujusmodi
343 1754 441 1799 ttulistis
457 1755 519 1799 ectio
536 1769 586 1809 sus,
598 1769 646 1814 quo
663 1754 693 1799 ed
711 1755 838 1800 terminum
856 1767 897 1798 seu
913 1752 944 1797 ed
962 1753 1059 1799 leoduni
1076 1754 1274 1813 reeupersndum,
1285 1768 1341 1800 eum

189 1835 256 1880 herm
267 1835 297 1879 ud
310 1834 449 1893 legittimum
463 1842 549 1880 etstem
561 1836 703 1894 pervenerit.

219 1913 226 1977 Ι
240 1916 310 1971 Quod
321 1917 340 1960 si
351 1916 425 1974 sliqui
435 1916 552 1976 Cepitslcs
565 1917 660 1962 Domini
673 1917 778 1963 leolistoe
789 1917 882 1977 sliquos
889 1916 1004 1963 melitinae
1013 1917 1216 1977 lmplscitsrerlut,
1225 1918 1340 1977 lingentes
1346 1925 1385 1984 jo,
1399 1924 1446 1972 149
1458 1934 1490 1972 ιο,

188 2008 268 2042 cusum
287 1999 367 2053 istum,
384 1998 425 2042 ubi
441 1997 590 2043 leollsments
605 1999 719 2057 legittime
730 2007 754 2045 et
772 2001 833 2045 bons
851 1999 898 2043 ilde
914 1999 977 2045 lecte
993 1999 1090 2054 luerint,
1101 2006 1160 2045 tunc
1170 1999 1340 2059 edjudicentur
1354 1992 1380 2037 (ι’-
1391 1990 1425 2038 fx·

189 2079 288 2125 leotistis
299 2079 403 2137 dunipns
414 2094 457 2124 sne
467 2086 491 2124 et
502 2080 560 2125 mise
572 2094 621 2136 sue,
633 2095 692 2139 ques
703 2080 801 2126 iecerint
813 2080 935 2126 occesione
946 2080 1027 2140 plsciti
1039 2080 1148 2141 predicti,
1159 2088 1183 2127 et
1195 2081 1238 2141 ipsi
1249 2088 1340 2127 setores

188 2176 229 2221 per
241 2162 424 2207 misericordium
436 2162 538 2221 graviter
549 2163 686 2222 punientur.

222 2244 249 2288 ln
270 2243 356 2303 pinno
373 2259 427 2289 vno
445 2245 565 2289 commun
578 2245 607 2289 n
624 2245 745 2301 custodiis,
761 2245 781 2290 u
798 2245 829 2290 ss
847 2259 957 2304 megum
975 2245 1146 2291 omneuonsm
1166 2260 1214 2291 non
1232 2245 1339 2291 venerint
1353 2233 1413 2280 θα·

187 2327 350 2377 ‹leioreisntes
362 2333 420 2371 tune
432 2327 468 2371 bis
486 2328 520 2371 rel
532 2335 568 2372 ter
579 2327 677 2373 iteretur
688 2328 758 2373 breve
767 2328 909 2387 predictum,
926 2327 956 2372 sd
969 2329 1082 2374 terminos
1092 2329 1180 2387 quibus
1191 2329 1277 2387 poterit
1288 2328 1338 2373 fleri

187 2410 248 2453 infru
261 2409 410 2453 melietutem
422 2409 479 2452 enni
490 2409 618 2466 sequentis,
630 2409 663 2454 its
674 2408 738 2468 quod
750 2410 850 2467 ringul‘u
861 2410 951 2455 vicibus
962 2409 1055 2469 legetur
1066 2410 1136 2455 breve
1148 2410 1172 2454 ln
1186 2409 1256 2469 pleno
1267 2409 1340 2454 corni·

187 2496 246 2539 utu.
254 2490 298 2534 nisi
311 2491 376 2548 prim
388 2490 498 2534 inventus
509 2489 735 2543 lueritdelorciutor‚
744 2498 767 2537 et
779 2492 811 2536 ibi
823 2492 918 2551 publice
929 2491 1088 2537 denuncietur
1098 2499 1126 2537 ut
1138 2491 1222 2536 venlsd
1233 2491 1264 2535 ed
1276 2490 1339 2535 diem

186 2571 230 2614 sibi
250 2572 377 2629 prefixum.
411 2571 481 2626 Quod
493 2573 512 2616 si
525 2572 574 2631 ipse
584 2586 609 2616 se
620 2573 772 2626 subtrsxerit,
784 2573 817 2618 its
828 2572 892 2632 quod
905 2574 966 2618 intre
977 2573 1109 2632 predictum
1121 2572 1271 2618 medicutem
1281 2573 1339 2618 unni

187 2653 320 2711 responsuri
337 2667 385 2698 uon
404 2654 501 2709 venerit,
519 2668 562 2698 nec
582 2653 717 2699 l'ieeeomes
735 2654 803 2700 illum
815 2655 921 2701 invenire
938 2660 1014 2715 ponet
1032 2668 1074 2714 per
1088 2654 1152 2714 quod
1169 2668 1256 2714 corpus
1269 2667 1339 2699 suum

187 2734 273 2779 hebere
286 2735 358 2793 possit
376 2749 455 2780 corum
466 2733 481 2781 J
486 2736 606 2781 ustitisriis
616 2736 647 2780 sd
659 2736 851 2796 respondendum
865 2736 997 2782 ”cundum
1013 2735 1088 2796 legem
1104 2743 1128 2782 et
1142 2736 1339 2782 conmetudiuem

186 2816 262 2874 regni,
281 2820 339 2860 tunc
351 2823 465 2875 tunqusm
483 2816 578 2862 rebellis
595 2824 619 2862 et
636 2831 661 2862 se
674 2817 791 2875 justicieri
810 2831 858 2863 non
871 2818 1017 2876 permittens,
1028 2818 1120 2864 emittet
1130 2818 1245 2877 scyrium
1256 2818 1338 2879 huius·

186 2897 250 2941 modi
262 2898 376 2954 custodie,
387 2898 450 2942 reive
460 2899 505 2943 sibi
516 2899 574 2943 elice
584 2900 677 2945 setione
687 2913 738 2955 sus,
749 2900 768 2944 si
781 2900 839 2945 sorte
847 2900 889 2958 Jus
899 2899 985 2945 hebent
997 2899 1028 2944 ed
1040 2900 1149 2946 eundem.

220 2978 248 3023 ln
260 2980 353 3023 ossibus
368 2986 448 3025 sutem
465 2981 507 3025 uni
522 2980 630 3026 custodie
644 2982 764 3041 pertinent
774 2981 805 3025 ed
817 2980 926 3026 custodes
937 2980 1052 3027 heredum
1064 2981 1127 3026 intra
1137 2988 1223 3028 aetem
1236 2983 1337 3028 exissen-
1353 2984 1380 3032 C.
1390 2986 1421 3045 η’.

186 3060 246 3104 lium
264 3067 287 3105 et
300 3075 378 3106 versus
396 3063 506 3108 custodes
523 3063 585 3122 ipsos
597 3070 713 3122 petuntur
723 3062 829 3118 custode,
841 3063 882 3121 qui
902 3063 1014 3108 recidunt
1027 3062 1155 3108 heredibus
1165 3063 1212 3109 illis
1222 3072 1336 3124 tanquem

184 3142 329 3198 pertinentes
340 3143 369 3187 sd
382 3157 464 3189 eomm
476 3144 639 3198 hereditatem,
658 3158 706 3190 non
723 3145 835 3189 emittent
850 3144 986 3201 hujmmodi
998 3144 1096 3189 heredes
1108 3145 1169 3189 inus
1177 3152 1264 3191 etstem
1275 3146 1335 3190 exis·

183 3226 258 3263 tentes
270 3235 312 3278 per
323 3222 490 3281 negligentium
503 3223 539 3267 vel
555 3224 707 3269 rebellionem
719 3225 755 3268 sui
767 3222 871 3268 custodis
881 3223 942 3267 sicut
955 3223 978 3267 in
996 3237 1051 3267 cusu
1063 3224 1186 3283 predicto;
1202 3225 1243 3269 sed
1254 3232 1334 3271 euml

185 3300 223 3345 lex
236 3302 319 3345 eodem
332 3303 402 3347 modo
413 3318 462 3362 quo
472 3305 538 3362 prius
548 3305 677 3350 consuerit.

218 3382 257 3427 llli
276 3389 365 3435 entem,
379 3384 421 3442 qui
438 3398 481 3443 pru
492 3386 575 3430 itersts
593 3384 714 3429 disseielne
728 3385 791 3443 cepti
803 3384 892 3429 inerint
903 3391 926 3429 et
938 3384 1037 3440 detenti,
1051 3399 1098 3431 non
1111 3386 1273 3434 deliberentur
1282 3389 1333 3435 sine
1347 3383 1426 3446 (210⁹.

183 3464 278 3523 rpecisli
299 3474 410 3524 precepto
427 3466 523 3511 Domini
545 3465 618 3524 Regis
635 3473 658 3511 et
676 3466 721 3510 hoc
740 3481 782 3525 per
798 3467 869 3511 tidem
881 3481 937 3511 cum
950 3466 1052 3512 Domino
1070 3466 1136 3525 Rege
1147 3469 1280 3515 {selendum
1290 3485 1334 3530 pro

184 3547 319 3604 hujusmodi
339 3549 522 3605 transgressione
536 3563 587 3599 sus.
605 3554 628 3592 et
643 3549 662 3592 si
679 3557 825 3608 compertum
839 3549 909 3594 luerit
921 3549 985 3608 quod
999 3549 1135 3596 l'ieeeomes
1145 3566 1185 3597 eos
1195 3552 1265 3598 eliter
1274 3552 1332 3599 deli·

183 3627 280 3677 beraut,
292 3627 394 3683 graviter
405 3635 501 3687 propter
515 3627 560 3673 hoo
571 3629 721 3682 smereietun
733 3635 756 3673 et
768 3628 936 3673 nichilominus
947 3629 981 3673 illi
993 3630 1035 3688 qui
1047 3644 1089 3690 per
1101 3630 1270 3677 vicecomitem
1282 3634 1333 3680 sine

184 3716 293 3767 precepto
308 3709 376 3764 Regis
388 3709 556 3761 deliberentur,
569 3724 664 3768 prosus
676 3710 858 3766 transgressione
869 3711 1006 3769 punientur.

219 3788 224 3850 Ι
240 3789 276 3833 Do
287 3791 356 3834 sectis
369 3790 486 3849 siquidem
499 3790 612 3835 iaciendis
622 3791 653 3835 sd
670 3792 748 3835 curies
758 3798 895 3845 magnatum
912 3800 935 3837 et
946 3792 1046 3838 eliorum
1060 3791 1217 3839 Dominorum
1229 3795 1330 3855 ipserum
1345 3801 1372 3850 C,
1381 3802 1434 3864 n'e'j.

182 3871 302 3915 enrisrum
315 3871 344 3915 de
356 3881 434 3915 cetero
445 3872 478 3915 sic
490 3872 663 3915 otnervsndum
672 3880 706 3916 cst
718 3889 724 3924 ;
740 3870 838 3921 scilicet
849 3871 913 3930 quod
926 3871 1006 3917 nullus
1017 3874 1058 3932 qui
1071 3887 1113 3932 per
1123 3883 1213 3919 certem
1225 3876 1330 3922 loomim
1337 3868 1376 3925 sv·
1390 3867 1438 3916 15⁰
1448 3876 1481 3916 θ’·

184 3960 218 3996 est
236 3951 391 4007 distringetur
408 3951 438 3995 ile
454 3958 532 3996 cetero
543 3950 573 3995 sd
586 3951 722 4011 hujusmodi
734 3959 821 3996 secum
832 3951 862 3996 sd
874 3953 965 3997 curium
977 3953 1109 3998 laciendum
1122 3954 1218 4000 [lomim
1230 3957 1275 4011 sui,
1287 3958 1331 4004 nisi

183 4048 225 4092 pcr
245 4033 342 4078 {orrum
359 4040 424 4078 corte
440 4048 481 4078 sue
498 4033 630 4092 specialiter
641 4040 750 4079 teneatur
768 4034 798 4077 sd
819 4040 906 4079 nectem
926 4032 990 4079 illem
1009 4035 1148 4082 luciendnm.
1184 4036 1238 4083 iliis
1251 4045 1331 4084 sutem
