3540 4830
670 453 868 497 srenunrx.
1284 437 1343 495 185

195 605 311 652 lsboriose
321 606 409 662 enims,
419 605 485 665 perri
494 604 606 665 temporis
616 604 787 662 hebiuoulum,
797 605 895 665 spiritus
905 603 1090 664 reseptseulnu,
1101 602 1216 651 lenum
1226 606 1347 665 temporis,

195 693 313 745 spectator
333 687 386 740 vite,
406 685 465 731 lucis
485 686 598 742 desertor,
620 686 668 732 rite
685 687 847 746 consumptio,
867 693 963 732 eternus
982 692 1068 742 motus,
1090 685 1172 731 mortis
1192 685 1347 746 meneipluut‚

195 767 311 812 trsnsiens
330 768 412 822 vietor,
424 767 468 812 loci
489 767 581 826 hospes.
621 766 686 823 Quid
705 772 740 813 eet
757 767 856 814 uelum?
879 767 942 827 spire
953 766 1069 821 volubilis,
1087 766 1182 811 eulmen
1202 766 1346 813 inmensum.

196 845 260 902 Quid
272 854 307 892 est
318 846 489 906 pulchritudo?
506 846 620 892 ueturelis
637 847 710 906 optio,
728 847 794 906 perri
810 847 922 906 temporis
940 846 1043 903 louune,
1055 845 1097 892 ilos
1108 846 1236 903 meroldus,
1246 847 1348 892 eernslis

196 925 302 982 ielieitss,
319 927 493 986 inconpositum
503 927 634 986 negotium,
650 927 756 972 humens
766 928 967 986 concupiscentie.
1001 926 1066 983 Quid
1078 932 1113 973 eet
1124 927 1228 974 mulier?
1246 927 1349 973 hominis

197 1007 312 1062 contusio,
338 1006 498 1054 inseturebilis
522 1007 604 1063 bestie,
628 1007 743 1053 eontinus
765 1007 898 1063 solicitudo,
926 1006 1062 1054 indesinens
1083 1022 1172 1068 pugne,
1200 1006 1349 1054 ootidieuum

197 1086 321 1142 dsmnum,
337 1088 422 1133 domus
440 1087 592 1149 tempsstetis,
609 1086 721 1134 outitetis
736 1088 940 1147 impedimentum,
952 1089 996 1134 viri
1008 1089 1177 1135 iuoontinsntis
1188 1089 1348 1149 ueniregium,

197 1168 309 1213 sdulterii
321 1183 368 1223 rss,
386 1169 513 1228 pretiosum
530 1169 641 1230 prelium,
651 1168 739 1214 sulmsd
751 1169 886 1228 pessimum,
897 1170 991 1229 pondus
1000 1170 1172 1230 grsrissimum,
1183 1170 1245 1233 sepis
1256 1170 1348 1216 iussn»

197 1249 259 1305 bilis,
270 1249 402 1295 humeuum
414 1251 569 1310 meneipium.
593 1250 658 1307 Quid
669 1257 704 1295 est
714 1250 823 1295 smieue?
840 1249 995 1296 desiderabile
1006 1264 1101 1307 nomen,
1112 1250 1183 1296 homo
1191 1251 1230 1297 rix
1241 1265 1349 1311 spuens,

199 1345 247 1376 non
259 1331 388 1377 inridends
398 1334 518 1392 posonio,
529 1333 648 1393 retugium
659 1332 784 1388 lelicitstis,
795 1331 887 1376 miserie
903 1332 1025 1388 reveletur,
1040 1331 1178 1378 indeficiens
1195 1332 1271 1391 quies,
1282 1332 1348 1378 inde-

198 1412 279 1457 sinens
294 1412 402 1460 lelieius.
436 1413 500 1470 Quid
512 1420 547 1461 est
557 1414 680 1474 egrieole?
698 1412 805 1458 isborum
817 1412 931 1468 min‘nter,
945 1412 1059 1458 heremite
1075 1420 1225 1472 conquestor,
1241 1420 1350 1473 operetur

199 1509 251 1541 esee
262 1503 332 1551 terre,
342 1496 448 1542 medicus
459 1497 609 1542 erhustourm
626 1494 794 1554 plentetorum,
809 1493 925 1539 montium
937 1493 1105 1552 eomplenetor.
1140 1492 1205 1550 Quid
1217 1501 1251 1542 est
1263 1495 1349 1541 ueris?

200 1578 292 1622 merlus
302 1578 414 1636 operetio,
423 1577 604 1635 domnsebsque
613 1576 777 1630 luudsmento,
785 1575 835 1619 sris
846 1574 932 1632 lignes,
944 1575 1034 1619 ineerts
1044 1573 1115 1619 selus.
1134 1574 1198 1630 Quid
1210 1581 1245 1620 est
1257 1578 1349 1622 nsuts?

200 1657 317 1702 fluctuum
330 1659 412 1712 vietor,
420 1657 526 1702 merinus
534 1658 660 1716 equitetor,
671 1657 734 1702 orbis
742 1655 834 1715 hospes,
845 1662 908 1700 terre
919 1655 1031 1709 desertor,
1038 1656 1183 1714 tempestatis
1191 1663 1348 1703 eonoertetor.

200 1737 264 1792 Quid
273 1743 307 1782 est
315 1736 416 1782 divitie?
432 1737 484 1782 euri
496 1737 597 1795 pondus,
605 1737 703 1792 invidie,
710 1736 869 1792 mminister
879 1734 1144 1790 ineetisbilie,onrernm
1150 1735 1348 1793 desideremus,

201 1816 345 1862 desiderium
355 1817 539 1876 inexplebilem
546 1817 675 1874 excelsum,
684 1818 758 1865 invise
766 1817 966 1876 concupiscentis.
987 1816 1052 1872 Quid
1059 1825 1094 1864 est
1103 1822 1248 1879 psnpertes?
1260 1819 1348 1864 odibile

200 1899 298 1953 bonum,
307 1899 413 1943 unitstis
423 1904 506 1954 meter,
514 1911 626 1945 eunrnm
634 1899 740 1954 remotio,
748 1899 838 1959 sbsque
844 1898 996 1944 solicitudine
1004 1900 1094 1954 semite,
1100 1899 1215 1959 sepientis
1226 1901 1349 1959 repertrix,

200 1982 321 2039 negotium
328 1981 379 2025 sine
387 1980 499 2039 dempuo,
507 1980 663 2027 intreetsbilis
669 1981 809 2036 snbsteutie,
816 1981 927 2040 posonio
934 1981 985 2025 sine
991 1981 1135 2041 oslnmpnis,
1144 1982 1240 2028 lurents
1247 1981 1350 2039 lortnne,

199 2063 251 2107 sine
269 2061 419 2107 solicitudine
438 2061 546 2108 lelieitss.
579 2061 644 2117 Quid
664 2069 699 2107 est
717 2065 846 2109 senectus?
871 2068 978 2122 optetum
996 2063 1086 2109 melum
1109 2064 1241 2119 inventum,
1260 2078 1351 2109 morsus

201 2142 334 2197 ineolumis,
350 2142 434 2201 lsngor
444 2142 569 2202 respirem,
587 2157 650 2188 mors
660 2142 795 2199 vehemens,
810 2157 895 2202 expers
911 2156 982 2198 mors,
997 2151 1122 2203 eupeetsts
1133 2158 1196 2191 mon
1207 2145 1348 2191 eommunis.

201 2223 265 2280 Quid
278 2231 312 2270 est
318 2227 447 2283 sompnus?
459 2224 540 2269 mortis
547 2223 747 2283 inquietorum
755 2223 830 2287 quies,
837 2223 984 2269 medicorum
993 2224 1192 2284 experimentum,
1201 2224 1350 2284 rigilsutium

200 2307 323 2364 sepientis,
335 2306 449 2351 victorum
460 2305 554 2361 solutio,
566 2305 739 2352 iuflrmsutlnm
751 2311 840 2360 retum,
852 2305 991 2350 miserorum
1010 2303 1155 2351 desidorium
1175 2305 1263 2360 virum,
1275 2306 1351 2352 esneti

199 2387 295 2444 spiritus
304 2387 403 2444 requies.
428 2384 493 2441 Quid
505 2393 540 2432 est
549 2387 614 2432 rite?
631 2387 754 2432 buterum
766 2383 848 2440 luitis,
855 2386 994 2431 miserorum
1003 2385 1112 2441 mestitle,
1119 2384 1252 2444 expectetio
1260 2386 1351 2432 mortis.

200 2468 265 2522 Quid
277 2476 312 2513 est
322 2471 404 2514 mors?
421 2473 517 2513 uterum
527 2479 648 2525 sompnus,
659 2464 782 2511 dissolutio
792 2478 927 2527 oorporum‚
938 2463 1039 2511 divitum
1051 2478 1131 2524 peror,
1148 2479 1280 2525 penpsrum
1291 2465 1352 2511 desl-

200 2548 301 2605 derium,
312 2547 472 2593 inderitsbilis
487 2548 577 2593 incerte
588 2545 746 2606 peregriuetio
762 2545 872 2600 hominis,
884 2544 952 2601 letro,
967 2544 1025 2605 iuge
1042 2546 1098 2602 vite,
1113 2546 1225 2592 resolutio
1235 2547 1351 2593 omnium.

199 2628 264 2685 Quid
275 2635 318 2685 est,
329 2628 393 2687 qnod
404 2634 502 2688 generet
514 2628 604 2674 verbe?
617 2626 722 2687 {lingue
748 2625 813 2682 Quid
824 2633 859 2671 est
870 2624 973 2685 lingue?
992 2624 1130 2686 ilegsllinne
1140 2626 1194 2682 eris,
1205 2625 1395 2701 quendoquefo·
1408 2641 1423 2689 9
1434 2648 1467 2690 ρ,

199 2711 255 2767 vite,
274 2709 418 2770 qnendoque
433 2723 504 2756 mors.
538 2708 604 2764 Quid
621 2716 656 2754 est
675 2709 737 2754 ser?
760 2707 868 2753 custodie
887 2707 942 2754 rite.
976 2706 1040 2763 Quid
1059 2715 1094 2753 est
1111 2707 1227 2756 libertes?
1248 2708 1351 2755 hominis

200 2791 343 2838 innocentis.
381 2790 446 2847 Quid
468 2798 503 2836 est
524 2792 616 2850 osput?
643 2795 722 2837 onnes
742 2788 856 2848 eorpor'u.
902 2786 967 2843 Quid
990 2796 1025 2834 est
1045 2791 1150 2849 eorpus?
1174 2790 1254 2835 enims
1275 2788 1350 2834 domi-

199 2870 289 2917 oilium.
323 2869 387 2926 Quid
407 2876 464 2918 erint
482 2872 569 2916 oome?
586 2875 661 2916 vestes
678 2869 769 2929 ospit'e.
802 2866 867 2924 Quid
883 2875 918 2913 est
935 2869 1030 2916 herbe?
1046 2882 1117 2918 sexus
1132 2868 1251 2918 decretio.
1285 2869 1350 2926 Quid

199 2953 389 2999 ntoerebrum?
406 2950 613 2998 eustoeusemorie.
638 2948 861 3006 Quidsuntoonli?
878 2949 1351 3009 duoesoorpofflmluminfflndioes

198 3035 280 3083 enimi.
314 3033 378 3091 Quid
389 3036 543 3080 suntnsrssr
559 3037 811 3080 oonstoressouorum.
855 3031 1015 3088 delrune?
1032 3033 1206 3093 imegoeniml.
1239 3032 1351 3089 Qnidsst

198 3119 244 3162 os?
262 3117 364 3164 nutritor
374 3115 485 3176 eorporis.
519 3113 584 3169 Quid
595 3120 653 3161 eunt
663 3113 766 3160 dente?
791 3113 853 3159 molo
870 3113 1011 3160 mordentes.
1045 3113 1109 3170 Quid
1120 3121 1177 3161 sunt
1187 3114 1267 3161 lsble?
1284 3113 1350 3160 velre

198 3198 264 3243 orie?
296 3196 361 3252 Quid
372 3203 428 3241 sunt
439 3198 545 3241 rnsnus?
569 3194 669 3254 opererii
680 3195 792 3255 eorpor'u.
826 3193 891 3250 Quid
902 3200 959 3240 sunt
969 3195 1059 3254 digiti?
1082 3195 1208 3240 sorderum
1223 3193 1349 3253 plectrum.

200 3276 310 3332 Qnidsst
327 3276 429 3335 pulmo?
453 3281 556 3320 eerrstor
575 3275 631 3320 or'u.
664 3273 729 3328 Quid
741 3275 772 3318 sit
782 3275 842 3319 eorl
866 3273 1043 3332 rsoeptseulum
1060 3274 1114 3319 rite.
1148 3273 1213 3329 Quid
1223 3275 1350 3334 sitJeeur?

199 3356 306 3403 custodie
317 3355 407 3402 oeloris.
441 3353 614 3410 Quidntlell
637 3351 902 3398 suscitetioireeundie.
937 3350 1146 3412 Qnidsstspleu?
1171 3353 1350 3399 risusetletitie

197 3452 281 3497 ospsx.
322 3434 387 3490 Quid
407 3441 443 3480 est
457 3433 612 3480 stomeohns?
634 3432 742 3479 oiborum
762 3438 851 3478 ooetus.
886 3431 951 3488 Quid
968 3439 1025 3478 sunt
1043 3435 1115 3480 ossei
1138 3434 1211 3479 meur
1236 3434 1349 3494 eorporis.

198 3519 263 3575 Quid
275 3524 331 3563 sunt
341 3519 421 3565 tuse?
437 3515 538 3576 epistilie
555 3516 745 3573 eolumpnenrm.
779 3513 843 3570 Quid
853 3520 890 3560 est
903 3514 1018 3573 ssnguin
1034 3513 1121 3561 humor
1131 3529 1252 3562 renerum.
1285 3514 1350 3571 Quid

198 3607 256 3647 sunt
268 3601 344 3644 vene?
361 3598 445 3652 lentes,
457 3611 538 3644 cerus.
573 3596 638 3652 Quid
651 3603 687 3641 est
701 3595 766 3643 lus?
789 3594 861 3641 lenies
875 3596 983 3640 omnium
1000 3608 1087 3643 rerum
1120 3594 1185 3651 Quid
1196 3595 1351 3643 euntstelle?

199 3683 292 3741 picture
303 3679 443 3738 columpnis,
462 3685 588 3724 usulerum
599 3677 748 3737 gubernetlo,
764 3676 839 3722 noetis
850 3676 930 3723 decor.
965 3675 1029 3732 Quid
1049 3682 1085 3722 eet
1102 3675 1203 3735 piumei
1227 3677 1352 3736 oonmptio

200 3770 270 3817 terre,
288 3761 384 3821 frugum
402 3760 516 3819 genitrix.
550 3759 614 3815 Quid
632 3764 689 3804 sunt
707 3757 814 3804 nebule?
831 3772 879 3803 uox
896 3759 921 3803 in
940 3758 986 3812 die,
998 3758 1065 3803 lebor
1075 3758 1206 3804 oculorum.
1240 3758 1352 3814 Quideet

200 3849 304 3890 ventus?
320 3843 380 3887 seris
400 3840 555 3901 perturbetio,
574 3839 693 3887 mobilitse
711 3853 778 3895 eure,
797 3840 891 3885 sioeitus
908 3847 977 3886 terre.
1010 3838 1075 3895 Quid
1093 3848 1128 3886 est
1145 3839 1253 3887 ilumeu?
1269 3854 1353 3886 eume

201 3925 346 3980 indeficiens,
366 3923 462 3969 reiectio
480 3923 543 3980 solis,
568 3922 675 3983 irrigetio
693 3929 762 3968 terre.
796 3920 861 3976 Quid
883 3930 918 3968 est
936 3923 1019 3981 sque?
1035 3922 1168 3968 subsidium
1186 3923 1242 3977 vite,
1261 3922 1353 3968 eblutio

199 4007 313 4052 sordium.
347 4003 412 4059 Quid
424 4011 458 4049 est
469 4004 544 4064 gelu?
561 4010 696 4065 perseeutor
706 4003 843 4061 berberem,
854 4002 976 4050 vinculum
987 4009 1058 4061 terre,
1068 4002 1120 4049 iem
1130 4017 1254 4063 equemre.
1287 4003 1352 4063 Quid

247 4106 362 4149 censu.
379 4104 453 4149 soc.
990 4089 1009 4148 2
1029 4103 1049 4147 u
