3540 4830
756 470 933 514 rnnracn.
1333 448 1441 514 clxxxi

238 617 309 677 have
327 619 384 676 this
406 620 533 697 finding:
564 623 632 680 “Et
646 623 742 680 dicunt
756 623 832 698 qued
846 621 1005 680 Willelmus
1020 641 1108 698 nuper
1127 622 1272 698 episcopus
1289 621 1439 689 Norwich*

238 713 382 773 deulfue
411 717 560 775 Cromwell
588 718 726 786 cheretim,
751 720 879 775 dominus
904 719 939 776 de
964 717 1119 784 Tatereale,
1147 716 1293 775 Johannce
1320 717 1440 794 Typtott

237 812 376 882 chevaler,
391 816 521 873 dominus
544 817 578 872 de
602 817 711 893 Powys,
735 817 831 875 Simon
855 816 988 891 Felbrigg
1003 815 1140 883 chevaler,
1155 814 1300 872 Johannes
1325 815 1440 873 Heven·

238 909 352 985 ingham
379 911 517 978 chevaler,
540 910 685 970 Johnnnes
711 913 873 969 Wodehous
894 913 1023 988 armiger,
1039 911 1200 968 Willelmus
1221 912 1336 978 Paseon,
1362 911 1441 969 The-

239 1026 299 1063 mas
313 1008 450 1076 Derhem,
467 1009 626 1066 Willelmus
647 1010 808 1077 Yelvcrten,
825 1010 983 1067 Willelmus
1008 1009 1116 1076 Geode,
1139 1010 1279 1084 armigeri,
1294 1009 1439 1066 Johannes

240 1103 334 1162 Keeke
348 1105 473 1174 clericus,
486 1107 667 1165 etJohnnnes
683 1106 787 1163 Puttok
800 1107 914 1165 fuerunt
929 1108 1014 1165 seisiti
1029 1107 1063 1164 de
1077 1107 1201 1164 manerio
1215 1106 1249 1163 de
1265 1106 1439 1184 Denyngten

239 1345 305 1392 those
317 1347 344 1391 el
359 1347 399 1394 the
411 1346 464 1394 3let
475 1349 521 1407 day
532 1349 558 1392 of
566 1348 622 1395 Jan.
635 1348 693 1395 leth
705 1364 760 1408 year
771 1350 798 1395 os
814 1350 851 1394 his
863 1351 938 1409 reign,
947 1365 972 1394 as
983 1356 1007 1395 to
1018 1350 1059 1395 the
1076 1350 1193 1396 reversien
1205 1350 1232 1395 el
1241 1350 1281 1395 the
1299 1351 1407 1396 moleties
1416 1351 1442 1395 ef

239 1427 352 1489 (lathem,
361 1429 407 1474 dte.
421 1429 476 1474 held
485 1430 562 1488 hythe
573 1445 637 1475 saruc
648 1432 788 1489 partiesand
800 1433 871 1476 Anne
883 1431 947 1489 lady
957 1431 1076 1486 Cobham;
1087 1431 1134 1476 and
1144 1432 1209 1476 those
1221 1432 1247 1475 ol
1252 1431 1292 1477 the
1305 1432 1363 1477 leth
1376 1431 1440 1491 May,

240 1507 297 1555 lfith
308 1523 364 1568 year
374 1510 401 1555 el
409 1509 446 1555 his
458 1511 532 1569 reign,
543 1525 569 1554 as
585 1517 610 1556 to
626 1512 667 1556 the
684 1526 778 1555 manors
794 1512 820 1556 ol
839 1511 1011 1570 llalloughton,
1031 1511 1121 1566 Castro,
1134 1511 1181 1555 and
1194 1511 1305 1571 Clopton,
1323 1513 1380 1557 with
1393 1513 1440 1558 this

237 1591 316 1636 clause
327 1591 449 1650 following
461 1610 467 1647 ;
484 1596 498 1616 ‘⁴
509 1593 566 1646 Nos,
581 1594 643 1638 bona
660 1601 684 1638 et
696 1594 819 1638 lsudibilia
829 1594 936 1648 servicia,
949 1607 997 1654 que
1009 1593 1110 1638 dilectus
1121 1599 1145 1637 et
1162 1593 1238 1637 tidelis
1249 1595 1440 1654 consanguineus

238 1680 316 1718 noster
326 1673 449 1718 Johannes
457 1674 594 1720 Viceeomes
606 1676 635 1719 de
650 1676 781 1720 Beaumont
790 1676 857 1720 nobis
869 1676 985 1733 impendit
995 1675 1121 1734 iudiesque
1133 1674 1269 1732 impendere
1282 1690 1329 1720 non
1342 1675 1440 1732 desistit,

239 1760 327 1798 extunc
340 1754 534 1813 contemplantes,
553 1756 583 1799 de
595 1757 670 1814 gratia
689 1763 766 1800 nostra
783 1755 886 1814 speciali,
897 1754 1056 1799 concessimus
1074 1753 1139 1811 quod
1158 1753 1222 1798 dieta
1239 1754 1314 1798 honor
1324 1762 1348 1799 et
1360 1769 1440 1800 mane-

240 1835 301 1881 rium
311 1836 341 1881 de
351 1836 513 1896 Wyrmegnye,
523 1838 569 1883 &e
579 1852 626 1898 que
634 1839 725 1896 prelata
733 1837 748 1884 J
751 1853 828 1882 oanna
836 1838 869 1882 sic
881 1843 945 1881 tenet
956 1837 980 1880 in
989 1836 1064 1880 forme
1077 1837 1191 1895 predicta,
1201 1842 1224 1881 et
1236 1851 1291 1895 que,
1302 1837 1321 1880 si
1331 1838 1381 1896 ipsa
1389 1837 1440 1883 siue

239 1918 325 1964 herede
341 1919 371 1963 de
383 1934 480 1979 corpere
491 1935 533 1964 suo
545 1927 569 1965 et
586 1935 683 1979 corpore
693 1920 751 1964 dicti
763 1919 876 1964 Willelmi
890 1918 990 1978 Phelipp
999 1926 1121 1978 procreato
1132 1920 1197 1964 obire
1209 1920 1342 1978 contigerit,
1354 1920 1384 1964 ed
1397 1935 1440 1965 nos

237 2006 262 2044 et
272 1999 370 2045 heredes
381 2009 471 2045 nestros
482 2002 566 2045 reverti
578 2002 704 2056 debebant,
716 2016 743 2045 eo
755 2001 818 2059 quod
836 2002 957 2059 predictus
974 2000 1109 2046 Willelmus
1127 2001 1226 2062 Phelipp
1238 2009 1346 2047 mortuus
1358 2008 1400 2057 est,
1411 2017 1439 2047 ac

238 2082 374 2128 medietates
394 2083 511 2128 dictorum
532 2084 691 2127 maneriorum
711 2084 741 2128 de
762 2083 874 2141 Cathorp‚
899 2084 945 2128 eze.
964 2098 1011 2141 que
1040 2085 1137 2142 quidem
1158 2085 1302 2139 medietates,
1322 2085 1369 2130 dcc.
1388 2092 1439 2143 post

238 2169 336 2209 mortem
347 2165 453 2223 predicte
465 2165 536 2208 Anne
547 2164 577 2207 acl
594 2165 723 2222 predictam
736 2162 872 2209 Johannam
884 2170 908 2207 et
919 2163 1047 2207 heredibus
1058 2163 1088 2208 de
1100 2178 1198 2223 corpore
1210 2165 1282 2223 ipsius
1293 2163 1404 2210 Johsnne
1416 2173 1440 2211 et

239 2245 376 2304 decerpere
393 2246 492 2304 predicti
507 2245 621 2290 ll'illelmi
640 2244 740 2303 l‘hclipp
758 2245 901 2288 exeuntibus
919 2245 1004 2289 virtute
1021 2245 1138 2289 dictarum
1157 2245 1288 2290 litterarum
1306 2247 1438 2304 petentium

238 2329 325 2373 eisdem
347 2328 467 2372 Willelure
487 2337 510 2372 et
529 2327 640 2372 Johnnne
657 2326 713 2370 inde
733 2325 894 2370 confectarum
913 2326 1028 2369 remoueri
1049 2327 1175 2381 debebant,
1193 2327 1302 2387 eoquod
1319 2329 1440 2387 predictus

237 2408 373 2455 Willelmus
390 2410 493 2469 Clytiord
506 2411 556 2453 aino
568 2409 654 2453 herede
666 2408 804 2465 decerpere
816 2413 892 2452 suoet
904 2421 1000 2465 corpore
1020 2407 1125 2465 predicte
1143 2408 1214 2452 Anne
1232 2414 1353 2466 procreate
1370 2410 1437 2466 obiit,

239 2498 265 2536 ut
277 2493 409 2552 predictum
422 2500 463 2547 est,
475 2499 498 2537 et
511 2507 558 2552 que
575 2497 626 2549 poet
646 2495 732 2534 mortes
752 2489 889 2533 earumdem
910 2489 981 2533 Anne
998 2495 1021 2533 et
1037 2488 1157 2543 iohanne,
1168 2491 1186 2534 si
1200 2490 1249 2549 ipss
1260 2489 1275 2534 J
1278 2489 1372 2534 ohanne
1388 2491 1440 2536 sine

239 2573 324 2617 herede
336 2573 474 2631 decerpere
490 2579 566 2616 suoet
584 2584 681 2629 corpore
701 2569 784 2628 prelati
804 2568 918 2612 Willelmi
939 2569 1038 2629 Phelipp
1053 2577 1156 2614 exeunte
1173 2571 1238 2615 obire
1256 2571 1390 2629 contigerit,
1408 2571 1439 2616 ad

238 2668 281 2700 nos
292 2661 314 2700 et
326 2654 424 2699 heredes
441 2660 530 2698 nestros
542 2652 625 2697 reverti
638 2651 764 2706 debebunt,
782 2666 809 2695 ac
827 2651 897 2695 etiam
914 2650 960 2695 alie
977 2651 1114 2696 medietates
1125 2653 1283 2697 maneriorum
1296 2653 1326 2697 de
1338 2652 1438 2712 Clopton

238 2743 261 2781 et
273 2736 362 2791 Castro,
378 2750 425 2795 que
437 2735 535 2796 quidem
547 2734 592 2779 he.
607 2732 646 2790 (ut
657 2735 739 2791 supra)
759 2733 849 2791 prefato
865 2732 972 2777 Johanni
992 2732 1131 2779 Vicecemiti
1152 2735 1182 2779 de
1203 2736 1336 2780 Beaunront
1347 2736 1440 2795 integre

238 2824 383 2872 remaneant,
401 2816 512 2861 habenda
531 2822 554 2859 et
571 2815 675 2858 tenenda
692 2814 736 2858 sibi
757 2821 781 2858 et
799 2814 927 2860 heredibus
942 2815 972 2858 de
988 2829 1085 2874 corpore
1102 2831 1144 2860 suo
1161 2816 1304 2861 exeuntibus
1323 2816 1440 2875 imperpe.

238 2905 305 2944 tuum
323 2899 352 2943 de
370 2900 438 2943 nobis
449 2898 606 2943 etheredihus
618 2897 702 2941 nostris
713 2912 755 2955 per
767 2898 863 2942 servicis
875 2897 931 2942 inde
943 2898 1024 2942 debita
1035 2903 1058 2942 et
1070 2905 1190 2944 consucta.
1220 2898 1288 2943 Teste
1302 2897 1366 2957 Rege
1374 2898 1438 2958 apud

239 2978 473 3025 westmonasterium
486 2986 546 3024 xxx⁰
556 2980 595 3023 die
605 2980 735 3038 Augusti.⁴'

272 3061 364 3119 Hence,
376 3064 400 3108 in
413 3077 465 3108 case
477 3064 502 3107 ot
517 3062 601 3107 sailure
613 3062 639 3107 el
655 3063 715 3106 issue
728 3061 754 3106 os
769 3062 805 3106 his
818 3062 930 3106 deceased
943 3061 1005 3116 wile,
1017 3063 1095 3107 under
1106 3062 1153 3107 this
1163 3069 1234 3122 grant
1245 3061 1275 3106 he
1288 3061 1368 3106 would
1380 3061 1439 3106 have

238 3145 297 3190 been
308 3152 391 3190 tenant
404 3147 427 3189 in
440 3145 482 3190 tail
494 3146 520 3189 of
535 3145 575 3189 the
593 3144 661 3188 landa
678 3143 808 3202 belonging
820 3149 843 3188 to
859 3144 900 3188 the
919 3143 1000 3201 family
1018 3145 1046 3188 os
1062 3143 1162 3188 Bardelf
1178 3145 1202 3188 in
1215 3142 1324 3197 hersella,
1338 3142 1439 3199 Suffellr,

238 3225 409 3283 Lineolnehire,
422 3228 610 3280 Leicestershire,
623 3227 671 3270 and
689 3226 715 3270 ol
732 3226 773 3270 the
791 3240 874 3270 maner
890 3226 916 3270 of
935 3226 1029 3284 Birliug
1048 3226 1072 3269 in
1092 3224 1187 3280 Sumen,
1200 3224 1257 3268 with
1270 3224 1404 3269 remainder
1414 3232 1439 3269 te

237 3323 282 3366 any
295 3310 346 3353 heir
356 3310 382 3353 ef
391 3309 427 3352 liis
439 3309 509 3367 body.
547 3308 580 3365 By
592 3308 628 3350 his
639 3307 725 3351 second
743 3308 805 3360 wile,
826 3307 964 3359 ballaenae,
985 3307 1093 3350 Duchess
1113 3305 1139 3349 ol
1154 3303 1365 3358 Norlollr,hehsd
1379 3305 1439 3349 issue

237 3403 282 3433 oue
293 3389 418 3447 daughter,
440 3389 578 3441 Katharine‚
598 3387 700 3430 married
713 3396 737 3430 to
751 3386 832 3443 llenry
845 3385 888 3430 last
907 3385 969 3428 Lord
988 3385 1060 3442 Grey,
1077 3385 1103 3428 os
1122 3383 1228 3437 codrior,
1245 3398 1306 3427 eom.
1321 3382 1439 3436 llerb.,to

237 3472 315 3516 whom
327 3472 368 3514 elie
381 3486 427 3514 was
438 3469 524 3514 second
538 3469 599 3512 wile.
637 3468 714 3511 hlilles
735 3468 758 3510 in
780 3468 816 3511 his
833 3466 964 3524 Catalogue
982 3466 1007 3509 ef
1024 3465 1126 3509 llenour
1143 3464 1223 3508 nrakes
1240 3462 1304 3509 John
1323 3462 1439 3508 Viscount

238 3553 379 3604 lleaumont,
392 3552 468 3595 father
479 3552 504 3594 os
513 3550 527 3594 J
531 3564 575 3593 ean
590 3549 642 3592 wiso
654 3550 703 3593 tirst
720 3549 746 3592 ol
762 3549 801 3592 Sir
814 3547 919 3590 ll‘illiam
933 3545 1096 3604 Willoughby,
1111 3545 1207 3589 brother
1226 3544 1253 3588 ol
1269 3543 1359 3588 Rebert
1375 3542 1437 3588 Lord

236 3631 399 3688 hl‘illeugfflffi
411 3632 458 3674 arrd
471 3630 580 3686 seconelly
588 3630 614 3672 os
621 3629 727 3673 william
742 3628 847 3686 hlarquls
856 3628 882 3670 os
896 3626 1020 3684 Berhele5;
1038 3629 1080 3672 but
1096 3625 1212 3684 llugdale,
1224 3639 1254 3668 on
1267 3625 1307 3669 the
1319 3623 1439 3682 authority

236 3714 262 3758 os
284 3713 408 3757 evideuees
429 3719 453 3756 at
473 3710 595 3768 llcrkeley,
615 3725 666 3768 says
685 3711 726 3753 alre
744 3725 790 3754 was
810 3708 928 3767 ‹laughter
949 3707 975 3750 ef
989 3706 1027 3751 Sir
1044 3705 1146 3749 Thomas
1165 3703 1323 3763 Stmngmys,
1344 3703 1439 3764 height,

235 3795 321 3840 sta-erul
333 3795 441 3838 husband
454 3793 480 3838 os
489 3793 529 3837 the
544 3792 649 3836 Ducheas
661 3792 686 3836 os
697 3789 803 3834 Nerlolk.

269 3877 283 3907 *
303 3877 409 3921 ll'illiam
423 3873 542 3929 Aluwick,
555 3872 642 3932 Bishop
654 3873 680 3917 ol
691 3871 809 3922 Norwieh,
822 3869 851 3916 9?
867 3869 924 3914 l'eb.
943 3867 1015 3924 tlte,
1029 3868 1075 3913 had
1088 3869 1147 3912 been
1159 3866 1288 3912 translated
1300 3874 1324 3913 to
1336 3866 1436 3912 Lincoln

239 3958 294 4004 leth
307 3959 371 4018 Sept.
383 3959 454 4014 1436,
472 3957 520 4003 aud
532 3956 607 4002 hence
618 3956 658 4001 the
676 3954 818 4012 description
830 3967 856 3996 as
867 3952 913 3997 late
930 3951 1018 4010 Bishop
1034 3950 1061 3996 os
1077 3949 1197 3994 h'orwich.
1235 3948 1273 3994 lle
1285 3948 1339 3994 died
1352 3947 1366 3994 5
1379 3947 1436 3994 Dec.

239 4040 309 4086 lite.
