3540 4830
554 472 598 531 90
910 488 1072 533 cronaca
1098 488 1272 535 aaronem
1298 488 1343 533 ιτ

554 637 780 701 comburentes
796 640 936 703 maneria
958 662 1016 725 per
1034 640 1161 704 diversa
1182 639 1253 704 loca
1272 639 1306 703 in
1332 638 1461 715 Ennia,
1483 636 1655 715 ΝοήοΙὼ,
1668 650 1708 703 et

554 741 737 817 Suthfoleh,
752 752 785 803 et
800 741 832 801 in
843 742 998 805 comitatu
1016 741 1043 805 C
1045 741 1293 825 antebrigseirar
1308 754 1342 805 et
1352 742 1527 805 Civitatem
1543 742 1707 827 Norcvy·

553 862 680 905 censem
698 855 851 926 ceperunt
865 853 899 905 ct
914 842 1079 927 depredati
1095 845 1234 920 inerunt,
1249 854 1284 907 et
1298 843 1390 907 villas
1403 854 1438 909 et
1452 842 1572 927 burgos
1593 842 1637 905 ad
1653 862 1707 907 tc·

552 944 771 1027 demptionem
787 956 970 1027 coegerunt.

600 1048 672 1110 Hoc
687 1070 783 1124 arran,
798 1070 871 1109 eum
894 1047 1013 1109 (omes
1030 1047 1216 1121 Glovernie,
1231 1046 1271 1108 ad
1284 1046 1471 1109 mandatum
1488 1045 1623 1110 Domini
1640 1046 1708 1111 la·

553 1150 618 1233 goti
648 1150 781 1211 veniens
812 1171 922 1211 versus
954 1148 1151 1224 Imndonias,
1184 1149 1300 1212 fnisset
1328 1148 1414 1232 apud
1445 1148 1707 1233 windleshores,

557 1253 653 1314 Cives
683 1264 887 1315 accesserunt
917 1251 957 1314 ad
987 1251 1110 1314 dictum
1142 1250 1312 1333 Iaegatum,
1335 1250 1543 1315 consulente·
1566 1273 1643 1316 eum
1676 1252 1707 1317 si

556 1352 675 1415 Comes
705 1353 834 1417 deberet
861 1355 978 1416 intrare
1008 1354 1204 1429 i'ivitatem3
1225 1354 1281 1436 qui
1311 1352 1394 1415 dixit
1421 1374 1457 1417 se
1481 1373 1553 1417 esse
1574 1366 1704 1419 certum

555 1456 641 1540 quod
665 1455 783 1519 Comes
806 1456 867 1518 fuit
890 1456 1012 1518 amicus
1037 1456 1144 1539 Regis,
1166 1468 1198 1519 ct
1224 1454 1364 1519 dedecus
1389 1466 1476 1519 esset
1490 1454 1649 1537 denegm
1671 1458 1705 1521 α’

555 1559 721 1621 introitum
740 1558 899 1621 Civitatis.
946 1559 1071 1635 Postea,
1095 1557 1147 1620 die
1162 1557 1298 1621 Veneris
1313 1557 1462 1641 proximo
1486 1566 1562 1621 ante
1583 1556 1704 1621 Domi·

554 1661 659 1723 nicam
686 1659 876 1735 Palmarum‚
900 1658 997 1722 Cives
1020 1661 1177 1724 miserunt
1198 1660 1356 1745 quosdam
1384 1659 1533 1723 concives
1558 1678 1636 1723 suos
1659 1658 1704 1725 sd

556 1762 730 1835 Comitem,
745 1761 1064 1845 appropinqnantem
1082 1762 1267 1837 Civitatem,
1278 1772 1428 1845 mgantca
1442 1780 1517 1823 eum
1532 1780 1573 1825 nc
1588 1759 1702 1845 hospi-

555 1875 675 1926 taretur
701 1864 782 1924 infra
807 1863 979 1926 Civitatem
1012 1886 1070 1946 pro
1090 1863 1297 1927 multitudine
1325 1862 1486 1927 exercitus
1514 1862 1587 1939 sni;
1608 1862 1701 1945 quod

554 1965 622 2047 ipse
638 1964 809 2039 concessit,
824 1976 856 2025 et
872 1965 1020 2027 transivit
1037 1986 1093 2047 per
1115 1963 1253 2028 mediam
1270 1964 1443 2027 Civitatem
1458 1974 1492 2028 ct
1514 1963 1702 2049 hospitatos

552 2077 602 2127 est
619 2087 692 2127 eum
715 2065 781 2125 suis
798 2064 828 2125 in
853 2064 995 2127 Suwerk.
1042 2066 1079 2127 ln
1106 2068 1247 2129 crastino
1272 2087 1360 2141 vero,
1389 2064 1617 2151 quiachstns
1639 2088 1704 2131 no-

553 2167 612 2228 iuit
636 2167 745 2228 venire
769 2166 809 2227 ad
840 2188 915 2227 eum
935 2166 1017 2229 ultra
1039 2181 1184 2251 piantem,
1209 2168 1279 2251 ipsc
1303 2167 1344 2230 ad
1371 2167 1559 2231 mandatnm
1583 2168 1702 2253 legati

551 2270 640 2333 venit
659 2270 846 2345 hamanis,
862 2292 935 2333 eum
956 2292 995 2331 eo
1011 2270 1177 2333 locuturus
1192 2270 1225 2334 in
1240 2269 1373 2333 eeclesia
1388 2270 1505 2333 Sancte
1519 2268 1703 2351 Trinitatis,

551 2372 643 2435 etita
665 2372 815 2433 remansit
843 2393 916 2433 cum
944 2373 1010 2433 auis
1037 2372 1069 2433 in
1101 2371 1250 2434 Civitate.
1297 2370 1392 2433 L'nde
1417 2370 1623 2435 manifestum
1648 2384 1703 2439 est

550 2472 650 2557 lqnod
667 2475 786 2535 (frames
802 2471 914 2534 habuit
930 2472 1097 2535 introitum
1115 2472 1265 2535 Civitatis
1281 2493 1337 2556 per
1352 2471 1522 2533 consilium
1537 2484 1571 2535 ct
1584 2492 1701 2539 usen-

551 2600 622 2638 sum
642 2576 762 2657 Legati.
779 2576 871 2658 enjus
887 2575 1021 2638 consilio
1037 2576 1134 2639 Cives
1155 2598 1212 2660 per
1235 2586 1423 2659 preceptum
1443 2572 1576 2637 Domini
1599 2574 1702 2661 Regis

550 2690 580 2739 et
611 2677 731 2757 Regina
759 2677 888 2738 inerunt
913 2677 1066 2739 attornati
1091 2676 1232 2740 obedire.
1278 2677 1340 2739 Die
1358 2676 1451 2739 Lune
1466 2674 1615 2758 proximo
1636 2676 1702 2743 Jo-

551 2779 672 2840 lrnnnev
688 2776 727 2838 ‹lc
746 2776 858 2860 Eyvile
873 2790 907 2839 et
926 2777 1098 2860 complices
1122 2779 1182 2854 sui,
1205 2778 1259 2861 qui
1283 2778 1386 2841 vocati
1410 2776 1539 2840 inerunt
1561 2777 1702 2845 exhere-

549 2879 626 2951 dati,
642 2890 798 2939 venerunt
813 2877 899 2960 apud
925 2878 1056 2939 Suvverk
1076 2891 1108 2941 et
1132 2879 1286 2962 hospitati
1307 2891 1383 2942 aurit
1406 2877 1472 2949 ibi;
1494 2878 1581 2963 quod
1596 2877 1703 2947 Cives

549 2981 764 3063 inte-iligentes
787 2981 973 3043 enunierunt
997 2982 1181 3055 (ivitatem,
1197 2996 1227 3045 et
1244 2983 1284 3045 ad
1308 2984 1462 3066 majorem
1488 2982 1702 3051 acutium

548 3097 712 3149 traxerunt
726 3096 857 3168 porrtem
874 3083 1077 3155 tomeieium,
1090 3106 1129 3146 ne
1142 3086 1203 3169 ipsi
1215 3086 1390 3149 intrassent
1399 3084 1584 3149 Civitatem.
1608 3084 1701 3153 Nm

547 3188 608 3270 ipsi
622 3209 686 3248 non
703 3185 884 3247 imbuerunt
902 3196 1094 3267 potestatem
1110 3186 1150 3246 ad
1163 3185 1235 3247 iilos
1248 3187 1481 3271 expugnandos
1492 3188 1562 3250 sine
1572 3188 1701 3255 auxilio

548 3290 697 3351 comnia.
713 3289 767 3371 qui
783 3288 829 3351 cis
844 3287 885 3348 ad
906 3286 966 3349 hoc
992 3286 1145 3348 auxilium
1170 3287 1301 3371 prebere
1325 3289 1450 3363 noluit3
1474 3290 1616 3373 eoquod
1637 3312 1702 3375 per

547 3392 654 3473 ipsum
667 3404 698 3451 et
716 3411 807 3451 snam
823 3389 1049 3453 excitationem
1071 3401 1137 3452 tam
1162 3411 1263 3473 prope
1283 3390 1456 3453 Civitatem
1473 3404 1641 3469 verterant,
1661 3406 1702 3461 α

547 3493 647 3554 irretita
664 3491 746 3553 malo
761 3514 817 3574 per
832 3492 957 3553 diversa
972 3490 1041 3553 ioca
1056 3492 1207 3553 fecerant.

592 3594 716 3669 Postea,
732 3596 796 3655 cito
813 3606 886 3678 post
906 3593 1027 3655 Pascha
1042 3594 1125 3677 cepit
1143 3594 1170 3655 C
1173 3616 1262 3655 evenes
1278 3616 1391 3657 omnes
1406 3594 1513 3657 claves
1527 3606 1701 3677 portam

545 3697 694 3758 Civitatis
710 3710 741 3757 et
758 3697 886 3758 tradidit
906 3696 974 3758 ilion
990 3697 1107 3780 quibus
1123 3697 1224 3758 voluit
1241 3696 1280 3759 dc
1296 3698 1364 3759 suis
1379 3696 1419 3759 nd
1443 3696 1701 3767 custodiendam

544 3801 711 3861 introitum
745 3815 775 3861 et
804 3801 925 3861 exitum
951 3800 1120 3865 i'ivitatisz
1152 3813 1185 3862 et
1224 3822 1362 3883 senrper,
1389 3800 1530 3871 interim,
1553 3798 1612 3875 ilii,
1637 3804 1701 3887 qui

544 3902 696 3983 hospitati
713 3916 788 3962 sum
805 3902 836 3963 in
854 3900 998 3977 Suwerk,
1025 3900 1207 3963 habuerunt
1234 3902 1349 3965 dedic
1375 3916 1407 3965 et
1435 3914 1529 3965 noete
1554 3900 1699 3973 liberum

543 4002 711 4065 introitum
743 4023 798 4084 per
825 4002 960 4066 Pontem
991 4006 1073 4066 intra
1104 4004 1289 4067 Civitatem.
1333 4005 1427 4067 'Putre
1454 4004 1562 4087 piures
1593 4004 1701 4075 Cives
