3540 4830
739 453 917 498 enerues.
1378 432 1434 496 cxi

229 600 278 659 tbe
292 601 374 660 Rolls
387 602 422 660 cf
433 601 567 662 Charters
580 604 636 660 aud
650 604 761 662 letters
777 606 879 663 Patent
892 605 925 662 of
935 604 984 662 the
997 603 1125 661 eleventh
1145 623 1211 680 year
1231 604 1265 661 of
1282 604 1325 661 his
1341 607 1432 681 reign,

233 700 319 758 1337.

271 797 328 854 Pro
343 796 507 854 Elisabetha
520 798 555 855 de
571 799 675 873 Burgc.
709 798 770 854 Rex
794 798 1030 874 Archiepiscopis,
1042 802 1094 854 &c
1106 797 1234 854 salutem.
1266 797 1367 856 Sciatis
1382 819 1432 856 nos

229 891 346 959 dedisse,
369 893 547 959 concessisse,
569 902 597 949 et
618 893 671 950 hac
693 903 770 950 carta
794 902 890 950 nostra
915 894 1094 950 confirmasse
1108 893 1206 950 dilecte
1230 897 1433 970 consanguinee

230 1001 325 1050 nostre
346 993 511 1052 Elisabethe
524 994 561 1050 de
582 993 688 1068 Burgo,
706 1012 761 1068 que
774 993 829 1048 fuit
842 1012 913 1049 uxor
934 992 1039 1067 Rogeri
1063 992 1229 1070 Dammory,
1249 992 1318 1048 duas
1340 1003 1432 1068 partes

229 1091 345 1148 manerii
357 1090 392 1148 de
406 1089 611 1147 Ilketelleshale
625 1109 688 1146 cum
703 1090 874 1165 pertinentiis
894 1091 922 1145 in
937 1089 1070 1146 comitatu
1085 1089 1225 1155 Suffolcie,
1240 1108 1295 1163 que
1316 1090 1432 1146 fuerunt

229 1186 368 1246 lobannis
381 1207 470 1263 nuper
485 1187 604 1245 Comitis
620 1187 770 1253 cornubie,
784 1187 880 1243 fratris
895 1188 1012 1253 nostri,*
1027 1205 1135 1242 necnon
1149 1186 1210 1242 illas
1232 1186 1331 1261 viginti
1345 1186 1430 1243 libra·

229 1292 272 1341 tes
285 1283 420 1352 redditus,
435 1303 505 1360 quas
520 1283 665 1341 Johannes
680 1285 714 1340 de
731 1283 851 1341 Sekford
864 1284 944 1340 nobis
964 1284 1001 1340 ad
1023 1284 1172 1339 terminum
1193 1284 1250 1340 vite
1271 1284 1357 1358 ipsius
1379 1283 1430 1340 Jo-

228 1377 329 1436 hanuis
343 1381 487 1436 annuatim
501 1378 615 1435 reddere
631 1387 741 1435 tenetur
755 1399 805 1454 pro
828 1380 950 1434 manerio
972 1378 1005 1434 de
1029 1378 1150 1453 Clopton
1172 1398 1235 1434 cum
1257 1380 1430 1453 pertinentiis

226 1474 255 1530 in
268 1474 367 1532 eodem
381 1475 525 1541 comitatu,
540 1474 616 1549 quod
637 1482 713 1530 tenet
730 1473 766 1530 ad
787 1476 936 1530 terminum
959 1474 1014 1529 vite
1037 1493 1085 1530 sue
1109 1493 1142 1529 ex
1164 1474 1341 1530 concessione
1362 1474 1430 1532 dieti

228 1569 346 1628 Comitis
357 1574 385 1639 ;†
407 1591 462 1646 que
476 1571 587 1647 quidem
603 1570 656 1627 due
670 1579 761 1645 partes
776 1589 831 1625 una
846 1589 909 1626 cum
930 1569 1027 1625 eodem
1048 1567 1160 1624 redditu
1175 1569 1273 1642 viginti
1295 1569 1429 1627 librarum

225 1668 263 1725 ad
276 1686 377 1724 manus
391 1656 504 1723 nostias
519 1686 568 1741 per
582 1675 700 1723 mortem
716 1666 799 1741 ipsius
821 1665 939 1722 Comitis
965 1663 1142 1729 devenerunt,
1165 1672 1194 1720 et
1219 1665 1338 1720 reversio
1363 1665 1429 1722 dicti

225 1762 341 1820 manerii
355 1762 389 1818 de
405 1762 526 1837 Clopten
541 1771 736 1837 postmortem
750 1761 851 1837 prefati
873 1760 1012 1817 Johaunis
1028 1758 1061 1815 de
1078 1758 1200 1815 Sekford
1223 1759 1259 1815 ad
1284 1779 1335 1815 nos
1351 1780 1429 1835 spec·

225 1868 276 1926 tat,
290 1880 324 1917 eo
338 1860 415 1936 quod
429 1860 503 1917 idem
519 1861 620 1918 Comes
634 1860 703 1916 obiit
717 1859 776 1915 sine
795 1857 896 1914 herede
917 1857 950 1913 de
973 1876 1088 1932 corpore
1113 1876 1163 1912 suo
1184 1865 1344 1932 procreat0;
1366 1858 1429 1915 Ha·

225 1955 330 2012 bendas
343 1963 372 2012 et
385 1955 526 2022 tenendas,
540 1955 669 2011 videlieet
689 1955 777 2010 dictes
802 1953 871 2009 duas
894 1962 986 2029 partes
1007 1973 1070 2009 cum
1092 1953 1264 2028 pertinentiis
1283 1952 1319 2009 ad
1340 1962 1428 2012 totam

223 2052 309 2110 vitam
323 2053 427 2129 prefate
443 2052 615 2117 Elizabethe,
629 2071 662 2107 ac
676 2051 781 2107 dictum
802 2051 939 2107 redditum
955 2052 990 2107 ed
1011 2051 1159 2108 terminum
1183 2052 1238 2107 vite
1261 2052 1349 2125 ipsius
1372 2053 1423 2110 Jo-

225 2149 325 2207 bannis
341 2150 375 2207 de
391 2148 518 2217 Sehlord,
534 2150 556 2205 si
577 2151 664 2224 ipsam
685 2147 804 2205 eundem
826 2148 986 2206 Johauuem
1007 2149 1182 2225 supervivere
1206 2149 1357 2223 contingat,
1372 2170 1428 2208 una

224 2267 288 2304 eum
303 2247 392 2304 feodis
406 2247 534 2314 militum,
555 2246 787 2304 advocacionibus
812 2246 1003 2312 ecclesiarum,
1024 2246 1123 2320 parcis,
1144 2246 1244 2312 boscis,
1267 2249 1426 2312 warrennis,

224 2343 313 2410 feriis,
327 2345 466 2409 mercatis,
480 2345 666 2408 libertatibus,
681 2343 927 2399 consuetudinibus
942 2351 970 2398 et
984 2342 1103 2398 servitiis
1117 2343 1271 2397 tenentium
1285 2351 1344 2397 tam
1358 2343 1426 2399 libe·

226 2460 322 2497 rorum
341 2459 426 2515 quam
446 2440 604 2495 nativorum
625 2448 653 2494 et
672 2439 803 2494 omnibus
823 2438 885 2493 aliis
900 2436 1038 2493 addictas
1053 2439 1123 2492 duas
1138 2445 1229 2511 partes
1243 2446 1272 2493 et
1286 2437 1425 2494 redditum

224 2538 378 2615 predictum
398 2538 635 2613 qualitercumque
657 2535 856 2611 spectantibus,
871 2535 905 2590 de
928 2534 1007 2589 nobis
1031 2543 1059 2589 et
1084 2533 1231 2590 heredibus
1250 2536 1353 2591 nostris
1377 2557 1426 2612 per

224 2635 372 2692 servicium
386 2643 484 2711 quarte
498 2635 585 2709 partis
599 2633 672 2689 feodi
688 2633 769 2688 unius
790 2631 887 2687 militis
901 2650 952 2706 pro
965 2631 1040 2687 omni
1064 2631 1179 2687 servicio
1192 2655 1199 2697 ;
1219 2632 1259 2688 ita
1272 2632 1348 2706 quod
1362 2643 1426 2708 post

223 2739 341 2788 mortem
356 2731 478 2807 predicte
496 2729 659 2787 Elisabethe
673 2729 795 2805 predicte
809 2729 862 2784 due
878 2736 970 2803 partes
985 2748 1048 2784 curn
1062 2728 1246 2805 pertinentiis,
1263 2730 1344 2785 simul
1359 2750 1424 2786 cum

256 2892 271 2918 ⁵
287 2891 353 2937 John
365 2891 392 2935 oi
410 2891 514 2947 liltham,
527 2891 582 2936 Earl
595 2891 621 2935 ol
630 2890 757 2944 Cornwall,
769 2890 865 2935 brother
884 2890 911 2934 ci
930 2889 1032 2934 Edward
1045 2890 1085 2934 the
1097 2889 1180 2946 Third,
1197 2891 1325 2950 according
1343 2898 1367 2936 to
1384 2893 1425 2937 the

223 2971 427 3028 Scotichroniccn,
440 2973 494 3018 died
507 2974 534 3017 of
542 2989 556 3017 a
568 2973 655 3017 wouud
667 2971 773 3016 received
786 2972 845 3016 from
858 2971 898 3016 the
911 2972 976 3030 King
994 2977 1019 3016 at
1039 2971 1120 3026 l'erth,
1132 2972 1221 3032 during
1240 2973 1280 3017 the
1300 2974 1383 3019 month
1401 2975 1427 3019 of

224 3052 371 3112 September,
383 3053 447 3099 1336
461 3072 467 3108 ;
483 3054 580 3099 tandem
592 3054 636 3097 sibi
648 3053 752 3097 occurrit
762 3052 793 3096 ad
814 3053 892 3096 villum
913 3052 943 3097 de
964 3052 1035 3097 Perth
1054 3054 1127 3097 irater
1145 3055 1196 3112 ejus
1215 3052 1346 3108 Johunncs,
1366 3054 1424 3099 ilel-

225 3134 291 3179 thsm
304 3134 408 3186 nomine,
420 3146 462 3191 por
473 3139 551 3191 partes
560 3132 720 3177 occidentales
732 3132 817 3176 scotie
830 3132 875 3177 iter
885 3147 965 3191 agens,
977 3147 1024 3191 que
1035 3140 1116 3188 terres,
1129 3149 1187 3191 ques
1199 3134 1271 3178 irater
1280 3148 1338 3178 suus
1348 3149 1424 3193 nuper

223 3214 254 3259 sd
266 3228 349 3274 pecem
366 3221 490 3272 acceperut
508 3221 532 3259 et
551 3214 674 3259 ecclesiam
694 3213 814 3257 Prioratus
832 3214 863 3258 de
885 3214 1030 3273 Lesmahago
1040 3215 1120 3273 gladio
1132 3221 1155 3259 ct
1167 3215 1221 3274 igne
1231 3216 1385 3273 consumpsit,
1396 3229 1424 3260 ae

223 3294 406 3352 pluresanimas
422 3295 453 3339 ad
473 3294 582 3339 ecclesius
599 3294 770 3352 confugientes,
792 3295 848 3353 igue
865 3297 993 3354 supposito,
1013 3311 1068 3340 cum
1088 3296 1143 3353 ipsis
1165 3296 1268 3341 ecclesiis
1286 3296 1388 3340 extinxit
1400 3302 1423 3340 et

223 3377 318 3434 penitus
337 3377 432 3422 delevit.
468 3376 577 3437 Cumque
589 3376 652 3420 idem
666 3375 725 3429 ltox,
742 3382 797 3420 unte
816 3391 930 3435 magnum
948 3378 1021 3422 altare
1042 3378 1124 3422 Sancti
1144 3378 1269 3431 Jchunnis,
1281 3391 1353 3435 super
1364 3391 1422 3434 pne-

223 3459 299 3503 missis
309 3460 394 3518 ipsum,
412 3465 439 3504 ut
456 3459 548 3512 debuit,
566 3463 693 3517 argueret;
712 3464 735 3502 et
756 3458 804 3515 ipse
828 3459 886 3515 Regi
909 3460 1044 3518 indignanti
1064 3460 1144 3503 animo
1165 3459 1324 3517 responderet,
1342 3459 1421 3502 subito

224 3539 301 3584 fratris
313 3547 379 3598 sputa
389 3540 439 3585 eive
450 3539 548 3586 cultello
566 3546 671 3584 extracto
691 3553 821 3597 percussus,
839 3541 910 3584 rebus
926 3548 1012 3584 exutus
1031 3546 1066 3584 est
1084 3540 1203 3584 humanis.
1240 3538 1350 3596 Dugdnle
1366 3553 1421 3596 sup-

222 3634 311 3679 presse
322 3620 481 3679 thisimputed
493 3620 665 3673 assassinetion,
677 3619 812 3677 describing
823 3619 872 3663 him
882 3626 906 3663 to
915 3620 973 3663 have
985 3618 1072 3674 merely
1084 3617 1155 3662 fallen
1167 3617 1217 3662 siclt
1229 3624 1255 3662 at
1270 3618 1310 3662 the
1322 3623 1385 3661 town
1398 3619 1424 3662 ol

223 3697 259 3745 St.
268 3699 342 3754 John,
353 3699 400 3743 and
413 3707 438 3744 tc
450 3699 508 3744 have
519 3699 585 3743 there
598 3699 711 3757 departed
725 3698 771 3743 this
781 3699 829 3753 lise,
842 3698 942 3741 without
954 3698 1007 3741 wife
1016 3711 1043 3740 or
1055 3697 1115 3740 issue
1127 3714 1133 3750 ;
1151 3696 1247 3740 whence
1257 3696 1293 3739 his
1303 3696 1364 3755 body
1374 3713 1421 3742 was

221 3779 326 3838 brought
336 3785 361 3824 to
372 3779 412 3824 the
424 3780 507 3837 Abbey
526 3779 551 3822 ot
565 3778 737 3834 Westrniuster,
749 3778 796 3821 arrd
807 3777 889 3820 buried
900 3777 923 3820 in
939 3776 974 3821 St.
988 3775 1210 3834 Edmund'sclmpel
1223 3776 1301 3821 under
1312 3791 1325 3820 a
1337 3791 1421 3823 mouu-

222 3865 297 3915 ment,
309 3858 388 3904 which
396 3865 435 3917 yet
447 3860 557 3912 remeius,
567 3859 665 3903 without
673 3872 719 3916 any
729 3858 825 3916 epiteplr
838 3863 861 3901 to
873 3855 914 3901 tell
926 3856 966 3901 the
977 3855 1019 3900 sed
1031 3862 1093 3912 story
1104 3856 1130 3899 oi
1140 3856 1176 3899 his
1187 3857 1299 3916 uuhappy
1313 3860 1368 3905 end.

254 3942 272 3994 †
288 3941 353 3986 John
366 3941 396 3986 de
407 3941 509 3986 Seliiord
521 3941 568 3984 had
579 3955 594 3984 a
609 3940 771 3985 confirmation
792 3939 819 3982 of
833 3938 874 3982 the
885 3944 954 3997 grant
965 3938 991 3982 oi
1006 3938 1046 3981 the
1057 3951 1140 3981 nranor
1150 3939 1176 3982 oi
1183 3938 1284 4000 Cloptcn
1296 3941 1331 3987 ior
1344 3943 1383 3988 lite
1395 3945 1419 3988 in

221 4020 262 4065 the
273 4021 337 4066 sixth
349 4035 405 4079 ‚rear
417 4022 442 4065 of
451 4021 554 4065 Edward
568 4019 616 4065 lll.
631 4019 702 4064 1322.
717 4014 790 4074 (Ros.
804 4018 856 4064 Pat.
868 4019 882 4063 6
896 4018 963 4064 Edw.
976 4018 1024 4063 Ill.
1038 4032 1091 4076 pars
1102 4019 1196 4078 prima)
