3540 4830
446 470 704 517 vrosoorsrrcrs
730 469 1014 517 tonnorrrnnurs.
1221 461 1282 517 159

135 625 296 710 Angliam,
310 626 398 691 fatue
411 635 445 690 et
456 624 629 689 indiscrete
644 645 679 688 se
694 622 844 708 gerebst3
859 621 934 706 quia
944 622 1033 708 oepit
1046 622 1081 688 in
1094 622 1283 689 sensnum

136 751 227 792 suam
245 727 429 793 Emericum
444 728 485 792 de
510 726 629 791 Monte
650 725 753 806 Forti,
775 725 817 790 ad
841 725 1090 791 conducendum
1104 736 1139 790 et
1152 725 1284 792 venien·

136 830 214 896 dum
238 853 348 896 secum
376 830 411 896 in
434 829 569 915 Anglia3
607 851 704 914 quem
735 828 899 893 Dominus
914 828 1095 893 Edwardus
1120 830 1191 893 Rex
1206 829 1284 894 odic

135 930 260 1010 babuit,
275 953 314 996 eo
329 931 417 1016 quod
436 932 551 996 iratres
575 930 626 995 sui
650 930 877 996 interfecerant
899 930 1079 995 Dominum
1105 929 1284 995 Henricum

135 1032 175 1098 de
199 1033 401 1112 Alemannis,
424 1033 509 1098 sicut
532 1030 748 1117 prescriptum
772 1041 832 1096 est
893 1032 992 1098 Unde
1022 1031 1187 1098 Dominus
1213 1032 1284 1096 Rex

138 1136 248 1199 statim
279 1135 446 1199 mandavit
477 1133 726 1200 constabulario
756 1131 864 1197 castri
893 1133 934 1197 de
964 1133 1115 1213 Deveria,
1143 1143 1181 1197 ut
1212 1133 1283 1219 ipse

136 1235 265 1300 fecisset
279 1236 400 1322 ubique
415 1257 502 1301 mare
518 1234 674 1300 custodiri
697 1232 835 1298 navibus
859 1244 892 1299 et
911 1235 1033 1320 galleis,
1058 1255 1100 1301 ne
1130 1235 1204 1322 ipse
1234 1237 1285 1300 in·

136 1349 254 1402 trasset
279 1339 313 1402 in
337 1360 473 1423 regnum
498 1338 625 1423 Anglie.
678 1335 850 1401 Mandavit
875 1336 972 1401 etiam
992 1337 1180 1421 justiciariis
1206 1338 1285 1418 suis,

136 1440 225 1525 quod
239 1441 302 1526 ipsi
317 1452 470 1526 caperent
485 1442 518 1505 in
534 1461 651 1504 manus
666 1460 743 1503 suas
757 1437 923 1503 baroniam
939 1439 1018 1504 dieti
1033 1439 1202 1526 Episcopi.

183 1543 258 1608 Hoc
273 1565 371 1622 anno,
386 1544 472 1608 sicut
495 1564 555 1607 neo
570 1543 604 1606 in
620 1538 725 1606 tribus
740 1540 833 1605 annis
848 1540 1109 1626 precedentibus,
1123 1542 1209 1608 taeta
1222 1542 1285 1608 fuit

134 1644 240 1730 aliqua
260 1646 393 1730 justicia
414 1645 454 1709 de
469 1643 647 1730 pistoribus
668 1643 913 1708 Londoniarum
924 1669 935 1723 ;
959 1653 1010 1709 set
1035 1643 1099 1729 ipsi
1119 1665 1180 1728 pro
1201 1666 1286 1710 mer·

135 1747 213 1811 cede
243 1748 318 1811 dato
343 1746 463 1812 Maiori
483 1756 517 1812 et
541 1743 796 1811 vicecomitibus
826 1747 973 1811 tecemnt
1001 1767 1102 1831 panes
1132 1768 1211 1811 suos
1225 1768 1285 1831 pro

135 1849 302 1913 voluntate
328 1871 398 1929 sua,
421 1849 468 1914 ita
490 1849 577 1933 quod
602 1847 738 1932 quilibet
763 1848 857 1934 panis
883 1849 945 1915 suit
971 1848 1004 1913 in
1024 1849 1169 1935 pondere
1183 1850 1284 1915 levior

136 1972 234 2034 quam
249 1950 382 2015 deberet
402 1951 442 2016 de
457 1952 556 2017 tercia
570 1961 662 2036 parte
676 1950 729 2016 vel
739 1962 864 2036 quarta,
878 1951 919 2015 ad
934 1974 1087 2038 magnum
1107 1952 1286 2037 dampnum

135 2062 170 2117 et
180 2052 410 2118 detrimentum
427 2052 557 2119 Civium
572 2064 607 2119 et
621 2053 767 2119 omnium
782 2053 817 2118 in
829 2052 970 2118 Civitate
984 2053 1195 2118 venientium.

181 2156 433 2222 Memorandum
456 2157 544 2242 quod
567 2166 638 2222 toto
660 2167 807 2242 tempore
831 2155 1012 2222 Maioratus
1037 2157 1133 2222 istius
1150 2156 1286 2222 Maioris

136 2281 203 2323 non
218 2259 366 2343 permisit
375 2259 430 2324 ille
445 2259 597 2344 placitare
611 2259 646 2323 in
664 2259 832 2344 Hustingo
846 2259 888 2324 de
898 2258 1025 2344 placitis
1040 2269 1208 2338 terrarum,
1223 2258 1286 2323 nisi

136 2360 229 2424 valde
244 2382 334 2440 raro;
349 2383 389 2426 eo
401 2361 489 2446 quod
499 2361 569 2445 ipse
579 2360 799 2446 implacitatus
807 2360 870 2424 fuit
881 2361 922 2425 de
933 2359 1073 2444 quodam
1088 2369 1286 2438 tenemento,

136 2461 224 2545 quod
245 2461 384 2528 Isabella
409 2462 550 2529 Dukerel
573 2462 673 2549 exigit
696 2461 738 2528 ab
761 2484 802 2529 eo
824 2461 1062 2548 perplacitum
1086 2461 1172 2527 inter
1195 2461 1285 2548 ipsos

136 2574 274 2629 motum.

180 2667 254 2732 Hoc
269 2688 354 2732 anno
365 2667 528 2733 Dominus
544 2669 627 2749 Rex,
641 2669 776 2734 veniens
792 2669 833 2734 de
846 2668 947 2734 Terra
962 2668 1083 2734 Sancta
1093 2689 1168 2734 eum
1182 2667 1284 2734 nobili
1298 2688 1333 2736 m
1350 2689 1451 2736 aum
1461 2690 1506 2739 na

135 2779 292 2855 apparatu
302 2779 337 2835 et
350 2769 514 2849 comitiva,
524 2771 615 2837 vent
630 2770 771 2836 nnius
793 2771 845 2837 cn
859 2771 954 2837 Jove
968 2781 1044 2836 ane
1058 2754 1463 2852 nummum-⁶

132 2884 212 2938 tirno
236 2872 390 2958 temporis
412 2875 456 2958 vj.
482 2873 547 2940 kal.
571 2874 724 2960 Augusti,
749 2874 874 2960 Regina
897 2896 957 2940 sua
975 2884 1072 2941 antea
1086 2876 1232 2961 profecta
1245 2875 1281 2941 in

133 2976 339 3042 vasconiam.
384 2977 425 3041 1n
439 2976 582 3043 crastino
595 2999 674 3043 vero
688 2977 765 3044 fecit
788 2978 869 3064 Regi
887 2978 1022 3044 hande
1036 2979 1224 3065 homagium
1239 2979 1281 3046 de

136 3079 229 3143 terris
244 3101 325 3163 quas
340 3088 442 3158 tenet,
457 3089 492 3145 et
502 3101 583 3164 quas
597 3081 716 3145 clamat
730 3091 841 3146 tenere
855 3081 897 3146 de
910 3102 961 3147 eo.

179 3177 270 3257 jcirc
299 3190 414 3264 postca
438 3179 509 3264 ipse
538 3182 703 3266 profectus
732 3191 785 3247 est
813 3202 889 3246 oum
910 3182 1064 3247 comitiva
1085 3203 1146 3247 sua
1170 3201 1328 3261 versusso.
1341 3201 1388 3252 1³7
1398 3208 1431 3251 ν.

132 3279 338 3358 Vasconiam,
353 3279 547 3364 quibusdam
566 3281 751 3347 comitibus
762 3292 797 3346 et
810 3281 881 3346 aliis
896 3281 1102 3366 magnatibus
1125 3283 1165 3348 de
1182 3304 1283 3368 regno

133 3382 281 3548 21:¹21pr
282 3381 338 3547 qppi
360 3393 517 3449 venerant
530 3383 560 3448 ei
580 3383 710 3449 obviam
732 3404 836 3469 usque
863 3383 1004 3448 Parisios
1019 3394 1054 3450 et
1067 3384 1164 3464 ultra,
1180 3385 1283 3452 comi·

179 3586 301 3650 Littere
316 3584 498 3669 subscripta
512 3585 596 3652 lecte
610 3588 742 3652 fuerim
761 3588 795 3653 in
812 3586 988 3652 Gildhallia
1009 3587 1142 3654 infesto
1158 3588 1285 3655 Nativi-

133 3687 208 3750 tatis
225 3686 326 3750 Beate
341 3685 457 3763 Marie,
472 3687 569 3752 Anno
582 3687 717 3752 Domini
730 3687 983 3753 M⁰CC⁰LXX⁰.
992 3687 1101 3768 tertio,
1120 3699 1155 3755 et
1168 3711 1284 3756 soeun·

134 3792 212 3854 dum
225 3801 372 3854 tenorem
388 3789 516 3853 illarum
531 3789 767 3873 proclamatum
783 3813 841 3876 per
855 3801 959 3856 totam
975 3790 1161 3858 Civitatem.

178 3892 367 3970 Edwardus,
378 3892 441 3957 Dei
448 3892 560 3977 gratie,
572 3894 642 3957 Rex
656 3893 783 3977 Anglie,
798 3893 963 3958 Dominus
974 3893 1152 3980 Hybernie,
1162 3905 1197 3962 et
1206 3896 1284 3962 Dux
1298 3910 1333 3958 1)ae
1344 3911 1502 3963 rto-m

134 3997 360 4083 nequeunte,
370 3995 488 4062 Maiori
497 3995 793 4063 etvioecomtesus
804 3998 872 4063 sus
883 3998 1127 4066 maroneum
1136 4000 1284 4069 sunem.
1297 3976 1346 4024 ⁶⁸⁸·
