3540 4830
481 491 740 535 vrcscossrrosr
769 489 1058 535 nosuonrnrrusr.
1303 477 1344 531 25

188 640 320 728 prebuit
340 641 504 706 Dominus
522 641 680 705 Ricardus
697 641 818 706 Comes
833 640 1010 720 Comubie‚
1025 642 1124 706 frater
1142 639 1220 704 dicti
1236 639 1345 726 Regis,

191 767 361 809 assensum
376 744 527 809 electioni
542 744 725 829 principum
742 744 946 823 Alemannie,
960 745 1016 829 qui
1031 766 1107 808 eum
1129 744 1291 828 elegerant
1310 742 1345 806 in

189 848 310 930 Regem
326 867 451 911 eorum.
500 845 625 910 Eodem
640 846 720 909 hora
734 845 820 910 iilius
836 846 900 911 diei
921 846 984 910 fuit
998 855 1175 931 tempestas
1190 845 1296 910 valida
1311 855 1345 910 et

105 942 110 949 ’
187 949 344 1026 tonitrua,
359 959 394 1012 et
408 947 672 1012 choruscationes
684 947 771 1031 apud
787 947 976 1013 Londonias
991 959 1026 1013 et
1040 948 1125 1013 alibi.

235 1051 400 1115 Usualiter
433 1048 638 1113 consuetudo
674 1058 735 1127 est,
758 1049 888 1133 quando
917 1052 1064 1135 pecunia,
1093 1072 1191 1135 quam
1221 1049 1341 1115 debent
1351 1050 1564 1164 &mmm

187 1153 285 1219 vendi
300 1173 358 1237 per
373 1161 538 1228 stateram,
560 1150 768 1234 ponderatur,
784 1151 872 1234 quod
890 1162 1010 1218 statera
1024 1152 1122 1218 debet
1136 1152 1263 1218 trahere
1289 1154 1338 1216 in·
1351 1180 1429 1240 squ.
1523 1133 1562 1164 ‘¹⁸⁸

188 1255 337 1321 elinando
353 1274 466 1317 versus
479 1251 660 1337 pecuniam,
672 1263 808 1336 excepto
819 1275 897 1318 auro
909 1263 943 1318 et
953 1266 1096 1339 argento,
1106 1255 1194 1341 quod
1209 1277 1337 1340 semper

186 1358 385 1443 ponderatur
411 1376 469 1440 per
492 1354 636 1418 medium
663 1353 802 1432 clevum,
831 1376 936 1440 neque
963 1357 1094 1422 trahens
1123 1358 1163 1421 ud
1193 1359 1335 1442 pondam

185 1480 290 1545 neque
316 1458 358 1522 ad
380 1478 495 1521 aurum
522 1456 591 1520 sive
614 1456 656 1520 ad
678 1468 865 1540 argentum3
888 1468 923 1521 et
945 1459 1032 1542 quod
1053 1459 1258 1543 ponderator,
1280 1460 1336 1544 qui

185 1563 383 1648 ponderatur
405 1581 463 1644 per
488 1568 640 1622 stateram
663 1558 798 1622 Domini
820 1559 917 1644 Regia
940 1560 974 1624 in
998 1561 1150 1639 Ciuitate,
1165 1583 1222 1647 per
1237 1563 1335 1645 hujus

186 1675 324 1729 tractum
341 1663 450 1747 potuit
464 1660 598 1746 prebere
622 1661 727 1743 majus
742 1661 873 1744 pondus
896 1662 952 1725 uni
977 1685 1074 1746 quam
1094 1663 1168 1742 alio,
1193 1664 1260 1728 sive
1276 1686 1334 1748 per

183 1768 326 1831 favorem
342 1765 411 1829 sivc
428 1785 487 1847 per
501 1763 663 1839 timorem,
675 1762 744 1826 sive
759 1764 906 1829 mercede
920 1764 1167 1844 interveniente,
1183 1767 1254 1830 sive
1269 1767 1335 1830 sor·

184 1869 269 1933 sitan
284 1887 342 1951 per
359 1863 584 1950 ignorantiam.
631 1864 801 1928 Provisum
816 1865 879 1931 fuit
892 1877 926 1930 et
940 1876 1111 1947 statutum,
1133 1869 1185 1933 die
1201 1868 1334 1934 Sabbati

181 1978 258 2055 post
280 1970 399 2033 festum
432 1966 542 2030 Sancti
567 1965 718 2029 Nicholai
744 1988 831 2030 anno
859 1969 949 2052 regni
977 1970 1076 2054 Regis
1104 1971 1238 2036 Henrici
1272 1971 1332 2036 filii

183 2071 282 2155 Regis
297 2068 459 2135 Johannis
474 2067 530 2150 xlj.
547 2066 636 2151 quod
659 2067 766 2130 omnis
791 2070 938 2152 pecunia,
962 2093 1024 2155 que
1039 2071 1139 2137 debet
1152 2073 1249 2137 vendi
1274 2095 1334 2158 per

184 2183 320 2237 stateras
336 2171 434 2255 Regis
449 2170 484 2234 in
501 2168 652 2247 Ciuitate,
667 2169 866 2253 ponderetur
880 2171 964 2237 sicut
978 2196 1091 2237 aurum
1109 2186 1142 2238 et
1152 2186 1332 2259 argentum,

182 2276 283 2341 nichil
307 2275 439 2339 trahens
458 2293 571 2337 versus
594 2270 785 2356 pecuniam3
809 2282 842 2337 et
856 2295 916 2358 pro
931 2284 1037 2339 tractu
1063 2277 1207 2359 predicto
1233 2277 1331 2342 debet

182 2378 333 2443 venditor
352 2378 428 2441 dore
452 2373 591 2458 emptori
613 2373 654 2436 ad
677 2373 855 2458 quemlibet
885 2386 1028 2454 centum,
1054 2392 1193 2461 quatuor
1223 2378 1332 2444 libras.

182 2481 275 2545 Tunc
304 2480 472 2564 provisum
498 2475 561 2539 fuit
585 2475 672 2559 quod
702 2476 899 2559 ponderator
927 2499 986 2562 pro
1012 2478 1121 2544 labore
1150 2502 1210 2545 suo
1236 2481 1334 2547 debet

181 2580 300 2646 haberc
324 2603 384 2666 pro
408 2603 473 2644 uno
496 2587 628 2642 centum
650 2597 709 2661 per
734 2598 768 2641 se
791 2579 981 2663 ponderato,
1003 2604 1105 2647 unum
1126 2582 1271 2662 obolum,
1300 2596 1335 2650 et

182 2684 222 2750 de
244 2682 391 2769 pluribus
406 2679 599 2747 centenariis
615 2678 655 2743 de
671 2678 816 2764 quolibet
830 2691 962 2745 centum
980 2706 1081 2749 unum
1107 2685 1331 2770 quadrantem,

181 2800 215 2847 ct
229 2781 275 2846 sic
290 2782 331 2846 de
346 2779 502 2845 milliariis
517 2781 600 2845 duos
615 2781 764 2847 denarios
779 2792 814 2847 et
828 2782 972 2850 obolum.

223 2885 321 2948 Anno
344 2883 460 2948 eodem
492 2883 655 2949 Henricus
679 2884 720 2948 dc
747 2884 808 2962 Ba,
833 2885 1048 2966 Justitiarius,
1070 2890 1161 2955 venit
1183 2891 1217 2956 in
1236 2891 1331 2958 Gild-

179 2987 244 3050 hall
274 2986 528 3064 Londoniarum,
554 2986 702 3050 deferens
728 2985 825 3052 breve
855 2988 990 3054 Domini
1019 2991 1117 3078 Regis
1148 2993 1267 3059 Maiori
1296 3007 1331 3060 et

178 3087 443 3166 vicecomitibus,
458 3088 514 3172 qui
529 3090 675 3153 fecerunt
694 3089 804 3155 venire
823 3112 930 3155 coram
957 3114 996 3157 eo
1020 3116 1133 3159 omnes
1155 3096 1329 3161 vinetarios

179 3190 329 3267 civitatis,
345 3211 428 3274 quos
443 3211 557 3254 omnes
572 3191 677 3255 voluit
698 3193 870 3257 amerciare
886 3214 945 3277 pro
960 3197 1214 3280 transgressione
1227 3200 1329 3263 assiae

179 3290 266 3367 vini3
289 3290 342 3355 cui
368 3290 456 3355 cives
480 3293 719 3377 responderunt
741 3294 858 3378 “quod
883 3295 1041 3374 vinetarii,
1066 3297 1121 3380 qui
1137 3301 1328 3382 transgressi

178 3402 256 3456 sunt
270 3391 417 3469 assisam,
437 3391 558 3457 debent
583 3403 617 3456 et
638 3393 745 3457 solent
766 3395 971 3461 solummodo
996 3398 1160 3463 amerciari
1183 3400 1224 3464 ad
1239 3422 1328 3466 com·

178 3493 289 3558 munia
317 3493 435 3577 placita
463 3516 593 3572 corone,
610 3516 675 3558 non
705 3517 815 3559 coram
836 3497 1020 3562 Justitiario
1048 3500 1135 3583 apud
1164 3502 1325 3567 Turrim.’'

177 3596 306 3664 Quibus
321 3596 343 3660 J
347 3596 523 3662 ostitiarius
539 3596 620 3660 dixit
636 3602 657 3633 “
667 3598 755 3681 quod
771 3598 834 3662 hoc
850 3620 916 3663 non
937 3601 1056 3666 sufficit
1071 3602 1216 3670 Domino
1231 3605 1324 3692 Regi,

177 3697 265 3784 quod
281 3720 348 3761 non
364 3697 492 3761 n'detur
502 3700 629 3782 justum
644 3720 704 3762 nec
719 3721 849 3783 equum,
865 3703 953 3785 quod
968 3701 1014 3766 illi
1029 3703 1150 3770 debent
1164 3716 1324 3792 transgre-

174 3800 249 3865 dere
264 3800 398 3864 assisam
410 3822 467 3885 per
482 3802 535 3866 vii.
550 3824 654 3866 annos
669 3803 721 3867 vel
736 3804 876 3888 amplius
886 3804 1031 3888 impune,
1046 3816 1080 3871 et
1094 3827 1166 3871 esse
1181 3819 1325 3876 tantum·

175 3903 273 3968 modo
288 3924 348 3988 pro
370 3913 421 3967 tot
446 3904 754 3990 transgressionibus
770 3907 870 3971 semel
885 3908 1114 3974 ammercirti.”
1157 3911 1212 3977 Ad
1236 3916 1326 3998 quod

174 4027 366 4090 responsum
382 4006 455 4085 fuit,
480 4008 599 4093 “quod
615 4008 779 4073 Dominus
802 4011 873 4074 Rex
889 4011 973 4077 solet
994 4020 1028 4077 et
1051 4021 1171 4096 potest,
1194 4017 1323 4100 quendo

219 4129 333 4172 cnoro.
351 4129 425 4174 soc.
1129 4137 1151 4179 u
