3540 4830
479 499 736 546 vrcacosrrausr
762 503 1048 550 tonooursnuu.
1292 495 1333 550 99

186 646 246 722 sui,
262 646 323 710 sub
339 670 476 732 quorum
488 662 649 735 potestate
664 654 810 719 minutus
826 655 967 741 populus
992 678 1050 741 per
1064 656 1144 720 tales
1162 679 1334 744 congrega-

186 748 291 810 tiones
304 759 337 811 et
348 751 623 817 confederationes
633 755 717 819 inter
726 779 760 820 se
772 757 872 820 factas
884 757 985 821 erexit
995 779 1028 821 se
1040 767 1152 821 contra
1164 758 1335 843 Magnates

186 849 347 929 Civitatis,
371 864 404 916 et
429 853 612 919 habuerunt
638 880 768 922 omnem
792 869 987 944 potestatem
1005 859 1165 936 Civitatis,
1190 862 1234 924 ita
1249 863 1337 946 quod

186 952 358 1035 Magnetes
374 977 430 1018 eos
447 979 511 1018 non
535 968 714 1041 potuerunt
734 960 899 1044 pacificare
926 983 985 1025 nec
1007 962 1204 1045 justificare3
1227 975 1260 1026 et
1276 966 1337 1029 boc

184 1055 245 1116 fuit
266 1057 393 1120 initium
410 1060 608 1122 confusionis
624 1060 785 1125 Civitatis.
833 1064 980 1127 Preterea
1000 1075 1188 1150 preceptum
1216 1068 1278 1130 fuit
1304 1079 1337 1131 et

185 1159 416 1241 proclamatum
434 1161 494 1223 sub
511 1163 623 1225 eadem
639 1165 752 1239 forma,
768 1185 809 1226 ne
825 1165 921 1248 aliqui
937 1166 1112 1232 vindictam
1129 1181 1281 1252 caperent
1296 1171 1335 1233 de

185 1260 305 1323 bateria
321 1263 372 1327 rel
387 1264 448 1326 alia
463 1265 579 1348 injuria
595 1265 656 1328 sibi
681 1267 787 1344 illata3
811 1278 861 1330 set
887 1268 962 1332 inde
988 1272 1227 1352 queremoniam
1253 1273 1336 1335 face·

184 1375 256 1425 rent
273 1365 404 1428 Ballim's
422 1367 582 1446 Civitatis,
599 1369 654 1452 qui
671 1369 717 1432 eis
734 1390 831 1452 super
857 1369 918 1432 hoc
943 1370 1040 1454 plena
1059 1373 1191 1455 justicia
1205 1374 1336 1437 exbibe-

185 1477 266 1528 rent.

228 1568 350 1630 Contra
365 1570 438 1646 hoc,
453 1570 536 1632 circa
551 1572 669 1634 festum
687 1571 804 1633 Sancte
823 1570 988 1645 Katerine,
1009 1573 1071 1637 boc
1086 1595 1172 1636 anno
1188 1576 1335 1659 contigit,

183 1673 269 1754 quod
285 1673 421 1755 quedam
439 1673 603 1736 contentio
619 1684 689 1736 orta
704 1673 765 1736 fuit
791 1674 875 1736 inter
896 1675 1052 1757 quosdam
1077 1677 1116 1738 de
1132 1677 1238 1740 officio
1252 1679 1336 1740 auri·

182 1774 345 1836 fabrorum
369 1788 403 1837 et
426 1775 583 1857 quosdam
607 1774 647 1838 de
673 1776 778 1839 officio
799 1777 968 1854 cissorum,
994 1777 1112 1861 quibus
1140 1779 1336 1843 adheserunt

182 1879 257 1940 hinc
273 1888 306 1940 et
332 1877 407 1939 hinc
422 1878 552 1961 quidam
569 1878 610 1942 de
636 1878 743 1942 officio
770 1881 1071 1962 parmentariorum.
1087 1891 1120 1945 et
1147 1883 1278 1966 quidam
1295 1884 1335 1946 de

182 1980 287 2043 officio
300 1981 482 2058 allatarum,
495 1981 549 2064 qui
561 1980 707 2045 fecerunt
722 2005 853 2065 magnas
867 1984 1141 2067 congregationes,
1156 1996 1190 2048 et
1204 2007 1261 2070 per
1271 1998 1335 2049 tres

182 2096 293 2146 noctes
305 2083 475 2146 continuas
492 2082 685 2147 incedebant
696 2086 809 2148 armati
819 2107 876 2170 per
887 2087 976 2149 vicos
989 2087 1150 2165 Civitatis,
1167 2089 1333 2153 'facientes
1349 2109 1397 2169 ¹s0·
1410 2109 1456 2160 107
1469 2119 1501 2158 ν.

181 2187 357 2248 maximum
373 2187 559 2249 conflictum
581 2188 665 2250 inter
681 2209 725 2251 se.
772 2188 822 2250 lta
838 2188 936 2271 quod,
952 2199 1037 2252 certe
1055 2211 1073 2251 a
1090 2201 1184 2253 nocte
1201 2191 1333 2255 fuerunt

181 2289 374 2372 congregati,
390 2300 426 2351 ut
441 2289 617 2366 dicebatur,
633 2290 803 2374 plusquam
820 2290 985 2374 quingenti
1002 2291 1041 2354 de
1054 2291 1116 2353 illis
1128 2291 1284 2370 malificia,
1300 2294 1332 2356 in

180 2412 244 2472 quo
261 2391 412 2453 conflictu
427 2392 557 2454 fuerunt
582 2392 789 2475 quamplures
813 2391 991 2469 vulnerati3
1015 2403 1064 2455 set
1089 2403 1198 2456 tamen
1224 2395 1332 2457 nullus

180 2493 282 2553 voluit
298 2494 399 2556 facere
415 2515 476 2577 que
492 2504 660 2557 removent
677 2493 819 2557 Ballivis.
865 2494 923 2557 Set
937 2495 1161 2578 unusquisque
1183 2509 1333 2580 expecta-

180 2595 234 2656 bat
251 2596 281 2657 ri
298 2608 330 2658 et
345 2596 441 2657 armis
457 2616 570 2678 capere
585 2596 761 2660 vindictam
777 2597 817 2660 de
828 2597 1010 2660 adversario
1022 2619 1081 2660 suo
1094 2607 1206 2661 eontra
1220 2620 1333 2681 pacem

180 2712 212 2761 et
228 2699 323 2761 fidem
353 2699 485 2761 Domini
514 2697 623 2781 Regis,
650 2701 736 2783 quod
759 2700 976 2784 intelligentes
1004 2700 1118 2763 Balliri
1145 2711 1178 2763 et
1202 2701 1332 2766 disereti

179 2803 238 2864 viri
255 2802 294 2864 de
311 2801 450 2865 Civitate
467 2803 611 2866 fecerunt
626 2804 696 2886 capi
713 2803 752 2868 de
768 2803 830 2866 illis
846 2803 1026 2887 plusquam
1042 2803 1173 2887 triginta
1182 2815 1215 2867 et
1230 2804 1333 2869 incar-

179 2905 277 2968 cerari
304 2906 390 2989 apud
418 2906 586 2989 Neugate3
609 2906 675 2989 qui,
699 2905 751 2969 die
776 2905 912 2968 Veneris
936 2905 1085 2988 proximo
1109 2915 1186 2989 post
1211 2908 1331 2971 festum

179 3008 296 3072 Sancte
313 3009 475 3084 Caterine,
491 3021 741 3093 comparuerunt
756 3031 863 3073 coram
880 3008 1056 3072 Laurentio
1072 3009 1112 3072 de
1129 3009 1222 3087 Broc,
1235 3011 1332 3094 justi·

178 3112 270 3174 tiario
283 3112 323 3174 ad
333 3112 477 3196 gayolam
490 3111 727 3175 deliberandam
738 3112 970 3195 assingnatum,
986 3112 1042 3196 qui
1055 3123 1185 3175 secutus
1194 3125 1244 3176 est
1254 3135 1332 3178 con-

177 3226 227 3275 tra
242 3214 330 3297 ipsos
346 3236 404 3297 pro
422 3216 520 3296 Rege,
536 3214 645 3276 dicens
660 3214 748 3299 quod
769 3214 831 3298 ipsi
847 3223 959 3277 contra
974 3235 1086 3296 pacem
1101 3225 1135 3276 et
1150 3213 1246 3278 fidem
1263 3217 1331 3278 Do-

179 3316 257 3377 mini
276 3317 371 3397 Regis
397 3316 590 3379 incedebant
615 3317 729 3379 armati
750 3317 782 3379 in
812 3315 963 3392 Civitate,
979 3327 1012 3378 et
1036 3315 1077 3378 de
1097 3327 1192 3378 nocte
1218 3317 1330 3381 vulne·

179 3427 286 3479 rantes
302 3428 335 3477 et
350 3417 563 3499 depredantes
579 3417 728 3500 nequiter
742 3431 776 3478 et
789 3417 821 3478 in
837 3415 965 3487 felonia,
988 3426 1021 3478 et
1036 3416 1193 3499 quosdam
1210 3417 1331 3480 interfi-

177 3521 308 3592 cientes,
324 3540 460 3601 quorum
476 3540 620 3602 corpora,
637 3532 673 3583 ut
692 3520 868 3594 dicebatur,
883 3519 1026 3602 projecta
1040 3520 1172 3583 fuerunt
1197 3520 1229 3582 in
1245 3519 1330 3584 Tha·

178 3622 315 3684 misiam.

223 3725 290 3807 lpsi
314 3745 390 3786 vero
407 3723 620 3786 defenderunt
636 3723 702 3787 rim
718 3733 751 3786 et
767 3723 917 3806 injuriam
934 3730 992 3785 efc.
1008 3724 1098 3786 etde
1124 3723 1187 3788 hoc
1210 3747 1328 3809 posue-

178 3839 254 3891 runt
280 3848 313 3890 se
341 3848 438 3909 super
464 3826 660 3888 veredictum
682 3825 810 3888 visneti.
872 3826 910 3887 ln
927 3826 1068 3889 crastino
1084 3829 1242 3912 r·ero,qui
1270 3851 1327 3914 per

177 3931 357 4015 predictum
373 3931 535 3992 risnetum
552 3930 684 3992 fuerunt
699 3928 847 3991 indictati
864 3929 963 3992 fuisse
979 3929 1011 3991 in
1029 3929 1175 4013 predicto
1196 3933 1327 3997 conflic-

177 4057 225 4120 tn,
239 4043 453 4128 adjudicando
479 4041 622 4126 predicto
648 4041 844 4119 Justitian'o,
871 4042 981 4106 statim
1009 4042 1140 4105 fuerunt
1166 4047 1329 4130 suspensi,
