3540 4830
665 521 865 567 sensnmx.
1272 506 1335 567 205

189 672 308 720 Dominus
320 672 373 720 lies
384 673 463 720 stetim
479 673 544 720 misit
553 674 584 720 sd
597 675 730 735 predictum
744 675 836 737 Regem
857 674 957 721 Freneie
976 673 1073 721 nuntios
1091 672 1232 735 solempnes,
1241 675 1341 733 seiliem,

187 753 336 814 Stephsnum
348 754 477 800 Contusrie
488 754 709 817 Areffiepisoopm,
727 765 750 804 et
764 757 921 803 willielmum
938 754 1104 802 limosiium
1116 754 1204 815 Angiie
1211 756 1341 816 iunium,

186 837 319 882 deferentes
329 851 409 881 seeum
421 837 511 882 littei-ss
530 837 627 884 Domini
640 838 720 899 Regis.
754 838 818 886 Cum
830 845 911 885 sutem
922 844 1040 885 oonmret
1060 836 1121 898 Regi
1140 836 1242 884 anoie
1253 839 1283 884 de
1299 838 1341 884 sd·

187 925 259 963 ventu
269 918 368 977 predicti
382 917 506 963 willielmi
519 917 660 973 Muresosili,
677 920 799 979 prohibuit
817 935 847 966 ne
860 921 909 979 ipse
920 920 1011 965 reniret
1028 919 1053 964 in
1065 919 1184 979 presentis
1193 932 1244 975 sus,
1255 933 1342 966 voosns

186 999 263 1058 ipsum
275 999 398 1058 perjurum
408 1004 432 1042 et
443 997 500 1043 ildei
511 1012 554 1043 sue
565 1004 770 1058 trsnsgressorem
783 1015 811 1046 so
822 1001 887 1060 quod
900 1001 948 1060 ipss
957 1000 1051 1046 mouit
1061 1001 1092 1044 sb
1103 1014 1140 1056 eo,
1150 1000 1248 1059 qusndo
1258 1000 1304 1046 luit
1315 1001 1341 1045 iu

187 1080 284 1139 singlis.
303 1085 387 1125 ooutrs
407 1086 583 1124 ssersmentum
603 1094 674 1125 suum
692 1087 744 1140 post
755 1088 856 1127 mortem
867 1079 994 1138 Johsnnis,
1006 1080 1079 1142 liegis
1090 1081 1187 1142 Aegiis,
1206 1088 1231 1128 et
1248 1081 1342 1128 sdhesit

187 1161 251 1206 dieto
272 1159 379 1206 ilenrico
396 1158 466 1219 Regi,
485 1160 535 1205 illio
554 1174 606 1208 suo.
641 1160 768 1216 Veniente,
788 1169 877 1216 sutem,
893 1161 958 1208 dieto
975 1162 1160 1223 Arohiepisoopo
1175 1177 1256 1210 oonm
1274 1161 1341 1224 Rege

188 1241 297 1297 Frende,
308 1247 331 1286 et
343 1240 427 1286 litteris
445 1239 526 1300 Regis,
537 1256 598 1300 ques
616 1242 712 1298 tulerst,
724 1242 791 1288 ieetis
808 1248 832 1288 et
851 1241 986 1298 intellectis,
1007 1242 1058 1287 lies
1071 1241 1180 1300 Frende,
1198 1243 1341 1303 sinesliquo

187 1323 306 1381 ooiioquio
315 1335 370 1367 eum
380 1321 478 1367 oonsilio
489 1336 533 1368 suo
544 1323 634 1379 molto,
644 1324 725 1369 stetim
736 1323 866 1383 respondit,
875 1323 966 1378 diosus,
982 1325 997 1349 ⁴⁴
1005 1323 1069 1379 Quis
1080 1322 1229 1384 liesAnglie
1240 1324 1341 1371 lomus

188 1405 252 1464 psois
264 1405 325 1449 inter
336 1418 378 1449 nos
389 1404 658 1462 compositsm‚qnsndo
669 1405 704 1450 lui
723 1405 748 1449 in
768 1404 864 1464 logiis,
875 1418 924 1450 non
941 1405 1081 1462 obsemrit,
1099 1406 1247 1466 suspendens
1264 1407 1340 1453 eivern

189 1485 378 1531 londoniensem
395 1486 446 1530 sine
455 1485 555 1544 jndicio,
567 1483 752 1532 Constsntinum
771 1487 876 1541 nomine,
893 1486 970 1532 fllium
990 1486 1073 1542 sinin,
1090 1488 1196 1546 eoquod
1213 1503 1269 1534 eum
1287 1489 1341 1534 sliis

189 1567 397 1614 londoniensibus
413 1566 472 1610 mihi
490 1566 601 1622 sdhesit;
617 1567 671 1612 ideo
683 1581 731 1613 non
742 1573 825 1613 tonsor
843 1567 909 1613 iilsm
927 1567 1121 1626 competitionem
1140 1569 1205 1628 psois
1217 1568 1248 1615 de
1262 1576 1341 1616 essm

188 1655 276 1694 tenere.
310 1646 357 1691 Sed
374 1646 546 1691 Normsnnism
565 1660 622 1691 eum
641 1648 709 1692 terris
727 1648 899 1707 sdjsoentibns
915 1662 975 1707 qnss
988 1655 1056 1707 peter
1070 1661 1137 1694 meus
1152 1648 1212 1694 mihi
1226 1649 1340 1708 reliquid,

189 1729 241 1774 volo
259 1728 385 1787 possidere,
403 1733 427 1772 et
443 1733 534 1772 eeteros
550 1732 624 1772 terres
642 1725 715 1787 Regis
735 1728 823 1787 Anglie
840 1728 977 1774 cismsrinss
996 1727 1049 1774 volo
1066 1729 1203 1789 perquirere
1217 1744 1261 1790 pro
1274 1744 1342 1790 pone

189 1813 269 1856 meo.''

221 1892 283 1936 Cum
294 1890 344 1945 isli,
354 1903 415 1945 vero,
427 1903 537 1948 responso
548 1889 629 1935 hsbito
640 1895 664 1935 et
674 1903 722 1936 non
733 1891 781 1937 slio
792 1892 887 1938 rece-it
898 1892 1016 1938 Dominus
1026 1891 1231 1952 Archispisoopns,
1242 1898 1266 1939 et
1276 1894 1342 1940 veuit

187 1974 212 2018 in
225 1971 354 2031 sugium
371 1979 395 2016 et
407 1972 440 2016 its
454 1971 534 2016 dictus
550 1970 601 2015 lios
615 1970 715 2018 Frsneie
732 1973 904 2019 Normsnnism
918 1987 974 2018 enm
988 1974 1139 2033 pertinentiis
1149 1981 1173 2020 et
1184 1974 1272 2021 multus
1281 1975 1340 2021 siiss

186 2061 268 2109 terres,
290 2068 350 2112 quus
371 2059 452 2112 postes
471 2052 618 2112 perquisivit,
637 2054 741 2112 possedit
759 2055 870 2100 omnibus
891 2055 975 2101 diebus
995 2056 1042 2101 rite
1063 2070 1105 2103 sue
1126 2062 1151 2102 et
1169 2056 1272 2117 reliquid
1289 2057 1342 2103 iilss

188 2137 327 2196 lodewyoo,
338 2136 387 2182 iilio
398 2149 449 2191 suo,
460 2141 512 2194 post
523 2148 578 2180 eum
591 2133 652 2194 Regi
664 2134 772 2183 Frsncie.

267 2307 272 2371 Ι
287 2309 352 2355 Visio
363 2323 435 2368 qusm
449 2308 537 2354 Beetus
546 2307 694 2353 lisdwsrdus
705 2308 765 2353 vidit
772 2309 798 2353 in
810 2308 901 2354 ultimis
911 2310 959 2355 rite
969 2323 1011 2355 sue
1022 2310 1108 2356 diebus
1119 2310 1144 2356 in
1155 2311 1267 2372 sompnis.
1342 2320 1383 2381 jo,
1396 2318 1425 2366 41
1435 2326 1467 2368 qe,

1371 2385 1497 2434 Clariis

222 2451 294 2496 Anno
320 2450 493 2496 lnosrnstionis
519 2450 617 2495 Domini
644 2450 726 2497 Mein
750 2458 818 2497 sesto
838 2451 927 2497 liestus
952 2451 1101 2498 lisdvsrdus
1126 2453 1260 2509 Genitor,
1283 2467 1340 2500 oum
1354 2385 1368 2443 (
1480 2386 1519 2448 M

186 2539 306 2589 regnasset
318 2531 377 2577 xxiii
388 2533 465 2587 snnis,
477 2532 598 2576 mensibus
610 2533 639 2588 ri,
651 2539 675 2577 et
687 2532 752 2577 urii
764 2532 856 2590 diebus,
868 2533 977 2579 dediests
989 2533 1095 2580 Eeciesis
1104 2533 1306 2580 Woetmonssterii
1315 2535 1341 2579 in

186 2612 244 2656 iesto
257 2611 433 2668 innocentium,
451 2626 522 2670 qusm
535 2612 584 2671 ipse
595 2619 768 2668 oonstruserst,
787 2612 871 2658 ultimo
880 2627 945 2659 suno
956 2614 1023 2674 regui
1033 2615 1079 2671 sui,
1092 2615 1172 2660 stetim
1184 2621 1235 2674 post
1246 2614 1341 2660 dedim-

186 2693 275 2737 tionem
293 2693 398 2752 ejusdem
420 2692 524 2737 Eoelesie
543 2693 680 2738 iniirmitste
698 2700 828 2752 correptus,
846 2694 934 2740 cecidit
952 2695 978 2739 in
996 2694 1091 2741 lectum.
1133 2695 1181 2750 Qui
1199 2695 1342 2741 inilrmitstis

185 2773 251 2833 grsvi
263 2774 344 2820 dolore
354 2776 418 2834 oepit
429 2775 530 2834 luigni,
548 2774 581 2820 iis
596 2775 661 2833 quod
674 2775 722 2820 lere
732 2776 807 2821 biduo
821 2776 917 2835 jsoehst
929 2776 997 2835 qussi
1012 2776 1147 2833 exsnim'sg
1164 2776 1261 2823 tsudsm
1273 2777 1341 2837 qussi

187 2856 218 2901 de
233 2856 298 2914 grsvi
316 2870 415 2915 sompno
428 2855 550 2914 evigdsns,
570 2855 664 2915 speruit
681 2855 763 2901 oeulos
779 2862 804 2902 et
823 2857 919 2913 resedit,
936 2857 1068 2916 erectisque
1084 2857 1110 2902 in
1124 2856 1203 2903 esium
1220 2858 1339 2914 menibus,

186 2938 201 2960 ‘⁴
213 2937 303 2993 Deus‚”
322 2938 415 2996 inquid,
434 2940 451 2962 ‘⁴
460 2937 621 2997 omnipotens!
643 2938 669 2982 in
688 2939 758 2997 euJ‘us
774 2939 865 2985 ditione
879 2944 966 2985 cuneis
976 2945 1034 2985 suut
1047 2939 1132 2998 posits,
1150 2945 1175 2986 st
1185 2939 1251 2986 uosoi
1261 2939 1343 2986 ornuk

187 3024 316 3076 sntequsm
328 3019 423 3074 iisnt‚si
435 3032 471 3072 es,
484 3033 531 3076 que
542 3018 601 3064 mihi
613 3018 716 3065 revolsis
729 3026 795 3076 sunt,
805 3034 836 3065 ex
848 3019 951 3066 veritstis
961 3026 1002 3066 tue
1013 3019 1067 3065 lues
1083 3026 1254 3079 promerunt,
1264 3026 1343 3080 pm

188 3100 238 3142 voci
259 3113 310 3144 mee
326 3114 406 3146 vocem
418 3101 519 3156 virtutis,
530 3107 558 3146 ut
568 3115 675 3146 ensmm
687 3100 805 3146 mirsbilis
815 3108 865 3157 tus,
878 3108 902 3146 et
913 3101 1013 3157 disosnt,
1030 3102 1072 3161 qni
1083 3115 1123 3147 me
1131 3101 1242 3157 sudiunt,
1258 3102 1342 3148 timere

185 3184 210 3222 te
222 3179 246 3222 in
258 3181 341 3237 spiritu
361 3180 510 3235 humilitstis,
528 3188 553 3225 et
569 3182 650 3226 snimo
661 3182 764 3227 contrito
776 3181 870 3240 pisosre
886 3180 971 3226 lsoiem
986 3186 1062 3238 tusus,
1077 3188 1105 3227 ut
1120 3183 1225 3241 penitest
1236 3189 1259 3228 ts
1269 3195 1342 3242 super

187 3259 258 3313 msio,
270 3261 335 3317 quod
348 3261 489 3318 proposuisti
501 3260 579 3305 lsoere
590 3260 679 3319 populo
690 3260 773 3306 huie.”

222 3339 284 3385 iiiirs
296 3341 349 3386 resi
370 3341 409 3385 rix
421 3341 523 3385 orstioni
533 3340 606 3385 tinem
617 3340 716 3386 dederet
727 3347 751 3386 et
762 3342 829 3386 ecee!
849 3341 924 3386 robur
933 3340 1027 3399 eorpori
1037 3346 1062 3387 et
1077 3341 1129 3387 roei
1140 3341 1215 3388 virtus
1231 3343 1342 3400 meniu

187 3420 281 3466 resolvit
300 3420 407 3478 lingusm
425 3420 509 3478 grisiis,
532 3433 605 3477 qusm
627 3419 736 3465 vinxerit
757 3420 875 3480 egritudo.
919 3421 1049 3480 Anumpts
1073 3421 1147 3482 igitur
1167 3422 1288 3482 ptruboiq
1304 3423 1341 3470 vis

187 3502 270 3545 beatus
282 3501 353 3546 refert
364 3501 502 3560 hujusmodi
515 3501 636 3557 visimem,
648 3501 739 3557 dicens,

220 3584 308 3628 “Cum
327 3583 464 3628 sdoiesoeus
483 3584 507 3628 in
529 3582 678 3628 Normsnnis
696 3582 826 3640 exulum,
847 3590 916 3643 μω
934 3583 994 3629 mihi
1010 3597 1104 3645 semper
1121 3584 1202 3632 extitit
1220 3586 1338 3633 bonorum

188 3664 293 3708 virorum
304 3664 409 3709 amicitis
420 3670 444 3709 et
454 3665 619 3723 religiosorum
631 3664 735 3710 virorum
751 3665 876 3719 musonis,
888 3664 950 3711 inter
962 3679 1023 3723 quos
1032 3664 1094 3711 duos
1101 3665 1192 3712 rstioue
1206 3668 1340 3714 ΜΝΞ·

187 3751 211 3789 ot
222 3745 286 3788 bone
298 3744 482 3789 eonvsnuionis
492 3759 575 3790 eorum
592 3744 718 3804 spoeislius
729 3751 753 3790 et
764 3745 912 3804 frequentius
924 3745 1053 3791 r'nitshsm.
1087 3744 1147 3803 llos,
1159 3761 1221 3803 vero,
1231 3748 1340 3808 pluribus

188 3826 258 3870 snnis
270 3826 394 3871 tmnssotis
405 3824 436 3870 de
448 3826 492 3870 hoo
500 3826 580 3872 sooulo
591 3827 716 3872 trsnslstos
728 3827 776 3872 vidi
788 3841 852 3872 nuno
863 3826 935 3887 poulo
945 3820 1002 3872 snio
1012 3826 1038 3870 in
1048 3827 1154 3887 sompu'n
1164 3828 1222 3874 mihi
1232 3829 1340 3877 assem

188 3905 247 3964 quid
259 3906 325 3964 genti
337 3920 389 3951 mee
404 3912 455 3965 post
470 3920 550 3952 meum
558 3908 650 3953 obitum
662 3909 692 3953 sit
703 3909 812 3954 futurum
823 3923 854 3954 ex
868 3908 912 3954 Dei
924 3907 1036 3954 msndsto
1047 3908 1182 3957 Maenia.
1214 3910 1341 3970 “lmplets

188 3988 248 4042 ests·
256 3987 348 4046 dieunt,
360 3985 516 4047 “Angiorum
524 3988 639 4048 nequitis,
647 4002 751 4047 quorum
760 3988 874 4048 'iniquius
880 3989 939 4035 irum
946 3995 1065 4049 proroosi,
1074 3989 1203 4038 vindictum
1209 3991 1323 4039 sessim
1332 4010 1341 4049 5
