3540 4830
502 408 543 471 64
860 421 1020 467 cnosrcs
1046 420 1222 467 santonus
1250 422 1294 466 ιτ

539 573 821 641 Excellentissimo
849 572 993 637 Domino
1023 594 1084 637 suo
1116 572 1270 649 ilenrico,
1301 570 1363 637 Dei
1389 570 1503 655 gretie,
1531 568 1656 635 illustri

501 678 580 761 Regi
604 677 731 761 rtnglie,
764 676 906 739 Domino
931 674 1087 739 Hibemie
1109 686 1143 739 et
1166 673 1250 739 Duri
1276 672 1483 757 Aquitsnnie,
1508 672 1658 737 Berones

493 792 527 843 ct
547 779 602 841 olii
618 778 729 842 fideles
744 777 806 853 sui,
821 788 1059 841 sacromentum
1075 797 1171 840 suum
1191 787 1225 840 et
1247 774 1436 839 fidelitstem
1454 774 1526 839 Deo
1540 786 1575 839 et
1589 772 1657 839 sibi

494 880 636 944 debitum
666 879 837 943 obscrrsrc
863 878 1020 955 volentes,
1043 878 1181 942 odotem
1206 890 1241 943 et
1265 876 1432 955 devotum,
1456 898 1532 941 cum
1558 876 1654 941 omni

494 983 672 1047 reverentis
686 996 720 1045 et
739 982 873 1059 honore,
889 980 1091 1044 ssoruintum.
1136 980 1222 1045 Cum
1237 1000 1296 1064 per
1317 979 1412 1065 prun
1429 978 1657 1065 experimento

493 1083 625 1167 liquest,
640 1083 727 1167 quod
744 1083 874 1166 quidum
890 1081 984 1145 robis
999 1082 1188 1147 assistentes
1203 1080 1306 1145 mults
1317 1079 1358 1145 do
1372 1078 1469 1145 nobis
1484 1080 1656 1145 mendsris

495 1196 604 1249 vestre
619 1184 836 1249 dominationi
852 1184 1083 1269 suggesserint,
1105 1196 1141 1248 et
1165 1182 1261 1261 meis,
1275 1194 1398 1267 qusnts
1418 1194 1570 1269 possunt,
1585 1204 1656 1249 nou

494 1285 599 1349 solum
615 1285 722 1361 nobis,
737 1284 795 1347 sed
811 1284 908 1348 etism
924 1283 1017 1347 robis
1037 1296 1072 1348 et
1093 1284 1155 1347 toti
1177 1305 1277 1369 regno
1303 1294 1414 1347 restro
1428 1282 1657 1363 intentantes3

493 1387 620 1450 noverit
634 1398 743 1451 vestre
757 1386 957 1463 excellentis,
971 1386 1058 1470 quod
1076 1386 1213 1451 sulutem
1233 1396 1268 1449 et
1284 1384 1490 1449 securitstem
1505 1386 1655 1471 corporis

494 1488 594 1552 vestri
609 1488 688 1552 totis
703 1488 827 1552 viribus
841 1510 915 1552 cum
937 1489 1091 1554 fidelitate
1112 1486 1207 1551 robis
1227 1485 1336 1551 debite
1361 1485 1525 1551 voluimus
1539 1484 1655 1553 obser·

494 1612 579 1668 rnre,
605 1590 753 1655 inimicos
779 1602 909 1655 nostros
938 1614 1005 1655 non
1036 1590 1154 1668 solum,
1176 1599 1227 1653 set
1263 1600 1298 1655 et
1330 1600 1458 1653 restro·
1490 1600 1525 1653 et
1546 1590 1654 1655 totius

494 1692 582 1773 regni
604 1693 702 1755 vestri
725 1694 820 1777 juxto
839 1714 937 1778 posse
960 1714 1092 1777 grsrsre
1118 1702 1350 1777 proponentes,
1369 1690 1433 1753 illis
1459 1710 1558 1777 super
1578 1712 1655 1777 pre-

493 1794 600 1873 dictis,
615 1794 643 1857 si
663 1795 779 1875 ploret,
795 1816 861 1859 non
877 1794 1026 1858 credetis.
1071 1794 1142 1857 Nos
1165 1793 1252 1858 enim
1267 1792 1366 1857 vestri
1389 1791 1502 1857 fideles
1522 1814 1655 1879 semper

493 1895 706 1960 inveniemur.
750 1896 796 1958 Et
811 1917 872 1958 nos
889 1896 1010 1959 Comes
1027 1894 1203 1959 leicestrie
1225 1908 1259 1959 et
1285 1890 1457 1957 Gilbertus
1479 1890 1520 1957 de
1544 1892 1655 1971 Chre,

492 1996 534 2059 sd
559 1998 749 2081 petitionem
772 1996 919 2075 eliorum,
942 2017 1002 2082 pro
1028 1995 1123 2060 nobis
1145 2007 1179 2061 et
1205 1994 1285 2081 ipsis
1307 1993 1526 2081 presentibus,
1548 1996 1655 2081 sigilis

493 2110 605 2161 nostrs
620 2098 843 2183 opposuimus.

540 2200 712 2280 Henricus,
729 2202 791 2265 Dei
813 2201 925 2285 gratis,
941 2202 1000 2266 &o
1014 2200 1140 2265 Simoni
1156 2202 1196 2265 de
1218 2200 1335 2265 Monte
1355 2200 1431 2265 torti
1446 2212 1480 2265 et
1495 2198 1651 2267 Gilberto

493 2302 534 2365 dc
551 2302 644 2367 Clare
658 2315 692 2368 et
703 2302 916 2388 complicibus
931 2302 1009 2366 suis.
1055 2304 1141 2367 Cum
1157 2323 1216 2387 per
1228 2324 1377 2387 guerram
1388 2300 1654 2369 etturbstioneru

492 2405 673 2489 generulem
689 2406 722 2469 in
738 2428 837 2489 regno
853 2418 976 2484 nostro,
992 2427 1122 2491 perros
1134 2406 1202 2489 jorn
1226 2404 1389 2483 subortus,
1411 2426 1538 2471 necnon
1552 2416 1587 2469 et
1602 2406 1655 2470 in-

492 2507 606 2571 ccndin
620 2518 654 2572 et
668 2507 729 2571 olio
744 2508 886 2593 dompne
901 2508 1057 2585 enormis,
1071 2520 1226 2593 sppsrert
1246 2506 1417 2571 manifeste
1437 2506 1524 2591 quod
1548 2506 1654 2573 fideti·

492 2620 593 2673 tutem
608 2622 749 2673 restrum
772 2609 867 2675 nobis
882 2610 1024 2675 debitum
1048 2633 1114 2674 non
1140 2608 1332 2688 observatis,
1347 2630 1408 2673 nec
1422 2606 1463 2673 de
1478 2608 1654 2677 recuritste

492 2710 635 2793 corporis
662 2711 764 2773 nostri
791 2711 824 2773 in
854 2710 962 2795 sliquo
985 2712 1131 2787 curstis;
1152 2734 1192 2777 eo
1213 2710 1301 2796 quod
1325 2720 1491 2795 magnetes
1511 2722 1546 2775 et
1568 2710 1653 2775 elios

493 2808 604 2872 fideles
634 2820 764 2873 nostros
789 2822 901 2874 nostre
932 2810 1006 2875 fidei
1030 2824 1219 2877 constanter
1244 2812 1448 2889 sdherentes,
1474 2812 1654 2879 enormiter

492 2910 660 2989 gravastis,
672 2922 705 2973 et
721 2911 811 2995 ipsos
828 2934 887 2996 pro
902 2934 999 2997 posse
1015 2925 1125 2977 restro
1150 2936 1282 2997 grursre
1297 2914 1479 3000 proponitis
1494 2914 1579 2979 sicut
1593 2936 1656 3001 per

493 3012 613 3075 litterss
629 3026 753 3077 vestros
776 3012 871 3077 nobis
891 3015 1108 3099 significastis,
1130 3039 1190 3078 nos
1211 3037 1384 3099 gremmen
1409 3016 1555 3101 ipsorum
1571 3038 1651 3081 nos·

491 3128 577 3177 trum
594 3115 772 3199 proprium,
786 3129 819 3180 et
835 3116 984 3181 inimicos
999 3139 1112 3182 eorum
1125 3130 1254 3183 nostros
1280 3130 1480 3204 reputantes,
1494 3118 1651 3203 precipue

491 3240 565 3281 eum
592 3219 669 3283 dieti
697 3219 808 3284 fideles
832 3221 946 3295 nostri,
962 3242 1021 3305 pro
1045 3220 1200 3287 fidelitate
1216 3244 1274 3285 sur
1300 3221 1517 3297 obsemnds,
1531 3234 1648 3285 contre

491 3319 714 3385 infidelitatem
745 3334 885 3386 restrum
912 3323 1008 3387 nobis
1035 3324 1169 3387 uiriliter
1192 3337 1226 3387 et
1257 3323 1396 3387 fideliter
1417 3324 1583 3401 resistant,
1604 3322 1648 3389 de

491 3434 598 3485 restro
622 3424 793 3489 securitate
819 3424 870 3488 rel
892 3448 1002 3489 umore
1028 3447 1094 3489 non
1119 3447 1281 3501 curemus,
1298 3425 1355 3489 sed
1382 3446 1454 3501 ros,
1479 3436 1648 3509 tumqusrn

491 3538 621 3587 nostros
648 3526 808 3603 inimicos,
824 3528 1017 3593 diffidemus.
1062 3530 1161 3593 Teste
1188 3550 1240 3593 mc
1267 3529 1338 3613 ipso
1352 3528 1441 3613 apud
1458 3528 1583 3605 leues,
1599 3528 1646 3613 xij

490 3624 542 3688 die
560 3626 651 3699 ninii,
667 3649 754 3691 nnnc
770 3628 859 3707 regni
876 3629 977 3691 nostri
990 3630 1236 3713 quadragesimo
1257 3642 1385 3693 octsro.

535 3728 702 3803 Ricnrdus⁹
710 3732 770 3795 Dei
780 3733 892 3813 protis,
904 3732 1123 3795 Romanorum
1134 3734 1201 3795 Rex
1212 3735 1523 3815 semperAugustus,
1532 3742 1567 3795 et
1580 3730 1648 3793 Ed·

489 3828 626 3903 wordus,
650 3830 784 3894 illustris
809 3833 905 3913 Regis
925 3833 1040 3915 :tnglie
1058 3834 1303 3917 primogenitus,
1314 3834 1476 3917 ceterique
1489 3832 1647 3907 Burones,

488 3948 602 3991 omnes
619 3941 653 3994 ct
673 3931 798 3997 nobiles
810 3932 955 4018 predicto
967 3934 1045 4017 Regi
1058 3934 1175 4019 Anglie
1186 3948 1374 3999 constanter
1388 3934 1512 3997 sincere
1532 3930 1596 3997 fide
1610 3946 1644 3997 et
