3540 4830
461 538 717 587 vicacorrrrurr
744 539 1028 588 nosnonranorr.
1260 533 1318 604 127

166 688 211 753 ita
226 690 313 775 quod
337 693 446 758 omnia
472 695 615 779 predicta
637 695 724 760 bona
747 717 766 759 a
791 695 945 780 predictis
969 696 1202 763 mercatoribus
1226 711 1321 786 capta

165 791 212 856 eis
242 793 380 858 fuissent
409 796 550 881 plenarie
576 797 737 877 restituta,
761 808 796 862 et
818 820 988 883 quousque
1015 799 1159 864 Domino
1183 801 1264 887 Regi
1279 802 1321 867 de

166 883 292 978 injuriis
308 897 371 962 sibi
385 909 419 963 et
430 900 498 963 suis
510 900 607 964 illatis
623 900 764 986 plenarie
779 900 895 966 fuisset
915 902 1127 966 satisfactum.

210 999 304 1065 Tunc
328 1000 440 1066 habito
460 1002 595 1067 consilio
617 1022 676 1086 per
703 1011 892 1087 preceptum
917 1001 1053 1067 Domini
1077 1002 1185 1087 Regis,
1210 1001 1321 1066 omnia

168 1103 281 1167 catalla
305 1115 519 1169 mercatomm
551 1104 701 1169 Flandrie
729 1105 862 1169 fuerunt
884 1117 979 1190 capta
1007 1116 1042 1171 et
1066 1115 1225 1185 arestata3
1255 1126 1320 1188 que

165 1225 242 1268 vcro
258 1228 361 1290 pauca
378 1208 522 1286 fuerunt,
537 1207 614 1292 quia
636 1205 710 1292 ipsi,
725 1217 820 1270 antea
834 1229 893 1292 per
908 1209 1118 1274 comitissam
1132 1207 1321 1293 premuniti,

130 1317 135 1326 ·
164 1306 244 1384 llere
260 1308 719 1394 omniabonasuaejecemnt
734 1331 784 1373 res
806 1331 916 1395 regno.
961 1312 1016 1391 Et,
1033 1311 1147 1375 eodem
1162 1320 1366 1394 temporaso·
1380 1320 1468 1368 12110.

167 1411 368 1494 prohibitum
380 1412 443 1475 suit
453 1433 505 1477 res
516 1411 615 1478 breve
624 1411 760 1477 Domini
771 1413 880 1497 Regis,
890 1413 1027 1476 missum
1036 1413 1078 1476 ad
1088 1413 1278 1478 Londonias
1288 1423 1323 1478 et

167 1513 208 1575 ad
220 1536 333 1578 omnes
345 1525 460 1599 portus
470 1516 578 1594 maris,
590 1536 630 1579 ne
640 1514 767 1600 aliquis,
788 1514 857 1578 sire
877 1515 1038 1600 indigena,
1050 1515 1117 1578 sire
1133 1513 1323 1599 alienigene,

168 1615 307 1700 aliquam
317 1617 424 1680 lanam
440 1618 571 1683 duceret
582 1626 672 1682 extre
683 1638 817 1701 regnum
829 1616 869 1680 sd
880 1628 987 1701 partes
997 1616 1238 1681 transmarinas.
1275 1617 1324 1681 Et

167 1718 340 1783 itafactum
356 1731 408 1784 est
427 1719 586 1803 usquead
609 1719 857 1804 parlamentum,
872 1719 959 1803 quod
981 1719 1045 1783 fuit
1058 1719 1145 1803 apud
1155 1719 1321 1784 Westmo·
1332 1745 1364 1791 ι,
1381 1761 1426 1807 qus
1444 1747 1541 1793 papa.

169 1821 346 1885 nasterium
356 1832 433 1906 post
441 1822 561 1886 festum
572 1820 806 1885 'l'ranslationis
817 1820 929 1885 Sancti
939 1820 1088 1886 Ederardi
1101 1846 1111 1900 ;
1126 1821 1159 1885 in
1175 1843 1239 1906 quo
1248 1843 1321 1906 par·
1332 1813 1516 1933 mmm·

166 1922 308 1987 lamento
334 1924 502 2008 provisum
525 1922 589 1987 fuit
610 1933 644 1987 et
668 1923 854 1987 ordinatum
870 1922 959 2008 quod
973 1945 1089 1987 omnes
1116 1933 1321 2005 mercatores,
1331 1940 1405 1987 use.

167 2026 311 2110 exceptis
328 2026 594 2104 Flandrensibus,
609 2025 739 2110 possint
760 2024 920 2090 adducere
935 2025 1041 2090 lanam
1057 2038 1150 2089 extra
1172 2047 1320 2111 regnum,

168 2126 352 2212 ubicunque
376 2129 551 2206 voluerint,
573 2138 683 2212 preter
704 2127 738 2191 in
760 2127 957 2192 Flandriam.
1012 2128 1060 2193 Et
1081 2139 1159 2193 tunc
1175 2148 1233 2212 per
1248 2149 1320 2213 pre·

168 2240 298 2314 ceptum
312 2231 409 2317 Regis
419 2252 534 2296 omnes
543 2240 748 2308 mercatores,
757 2230 813 2315 qui
824 2231 957 2296 fuerunt
975 2232 1010 2295 in
1022 2231 1215 2310 Londoniis,
1230 2252 1320 2295 com·

168 2344 344 2416 paruerunt
358 2334 445 2418 apud
456 2332 787 2397 westmonasterium
802 2356 910 2399 coram
925 2333 1062 2399 consilio
1077 2356 1149 2411 suo,
1160 2343 1194 2397 at
1205 2355 1320 2398 omnes

167 2433 211 2498 ibi
224 2437 415 2519 juraverunt
438 2436 526 2520 quod
549 2434 672 2498 nullam
699 2435 806 2500 lanam
829 2436 986 2501 ducerent
1006 2436 1041 2499 in
1057 2436 1242 2500 Flandriam
1258 2459 1320 2501 nec

169 2537 267 2600 ullam
298 2538 485 2601 societatem
511 2535 670 2600 haberent
709 2559 783 2602 cum
825 2536 1091 2616 Fundrsnnbus,
1128 2559 1188 2601 nec
1217 2538 1317 2603 ullam

168 2638 275 2702 lanam
299 2639 347 2704 eis
372 2639 561 2703 venderent.
605 2637 652 2702 Et
683 2638 711 2702 si
751 2638 824 2724 quis
854 2649 968 2704 contra
996 2640 1059 2705 hoc
1100 2640 1209 2705 venire
1244 2662 1317 2725 pre·

169 2740 355 2824 sumpserit,
370 2741 480 2806 omnia
494 2740 609 2805 catalla
624 2763 683 2805 sua
702 2741 736 2806 in
752 2742 870 2827 Anglia
884 2743 1048 2808 venientia
1074 2742 1216 2808 Domino
1236 2743 1316 2827 Regi

165 2844 376 2923 incurranter,
399 2859 432 2909 et
451 2845 523 2929 ipse
537 2844 815 2928 impr-isonaretur.
853 2845 888 2911 si
904 2858 1012 2911 autem
1029 2846 1101 2911 talis
1118 2869 1152 2911 se
1167 2845 1317 2911 absenm·

164 2947 258 3025 verit,
283 2969 351 3011 non
366 2947 499 3011 veniens
522 2948 555 3011 in
582 2949 744 3033 Angliam,
759 2959 838 3013 tunc
863 2950 1076 3034 compatriota
1102 2971 1181 3013 suus
1204 2949 1259 3034 qui
1282 2950 1316 3014 in

165 3048 314 3132 Angliam
331 3051 467 3130 venerit,
482 3049 659 3136 predictam
673 3073 790 3135 penam
805 3074 866 3136 pro
881 3073 921 3116 eo
936 3050 1090 3136 portabit.

209 3152 255 3214 Et
270 3151 449 3231 sciendum,
464 3154 552 3239 quod
580 3155 694 3218 catalla
718 3177 781 3239 que
817 3155 962 3238 predicta
977 3153 1154 3217 Comitissa
1177 3163 1317 3238 ceperat,

166 3253 349 3338 appreciata
386 3256 518 3320 luerunt
543 3256 715 3340 plusquam
741 3256 783 3320 ad
819 3254 1031 3338 quadraginta
1067 3254 1156 3318 mille
1191 3276 1316 3320 marcu

165 3355 402 3440 sterlingorum.

211 3457 285 3520 Hoc
308 3478 395 3520 anno
425 3457 542 3520 iterum
578 3457 700 3521 electus
729 3467 781 3521 est
816 3456 986 3520 Johannes
1022 3455 1166 3520 Addrien
1208 3457 1317 3525 Maior

164 3560 198 3623 in
215 3559 298 3622 festo
311 3558 453 3623 Simonis
477 3569 511 3622 et
533 3558 555 3622 J
558 3557 633 3636 ude,
647 3568 690 3636 et,
706 3558 850 3622 Domino
867 3558 955 3641 Rege
971 3578 1037 3622 non
1053 3557 1213 3623 existente
1228 3560 1316 3646 apud

164 3660 507 3737 Westmonasterium‚
530 3670 735 3744 presentatus
751 3658 813 3722 tuit
837 3656 1021 3723 Beronibus
1041 3657 1082 3722 de
1106 3658 1255 3727 Scacario
1281 3673 1316 3726 et

164 3763 336 3828 admissus.
382 3764 428 3826 Et
456 3762 572 3826 iterum
603 3772 679 3847 post
703 3762 879 3826 adrentum
907 3761 1005 3845 Regis
1034 3761 1138 3826 eidem
1169 3763 1316 3829 Domino

167 3865 245 3950 Regi
275 3874 480 3948 presentatus
509 3874 544 3928 et
565 3863 739 3944 admissus,
769 3863 928 3941 videlicet,
957 3863 1009 3927 die
1042 3863 1136 3928 Joris
1166 3866 1315 3950 proximo

164 3979 241 4052 post
279 3967 495 4052 Epiphaniam
530 3966 676 4046 Domini,
722 3977 821 4053 prout
857 3965 976 4032 debent
1012 3987 1071 4051 per
1108 3966 1238 4033 Cartam
1273 3969 1315 4035 de

164 4070 337 4132 Maiomtu.
