3540 4830
475 495 732 543 vrcscourruu
757 494 1044 542 nonnourssuu.
1286 478 1328 535 ts

182 668 266 726 mm,
281 646 349 711 sive
365 644 405 711 de
420 645 537 712 namiis
551 648 672 733 injuste
697 647 812 735 csptis.
857 646 921 712 Sed
937 646 1073 734 quilibet
1086 643 1239 709 ostendat
1252 664 1331 728 que·

182 749 352 814 rimoniam
368 772 460 813 susm
475 772 530 815 ore
546 752 677 835 proprio
692 760 725 815 et
739 772 814 836 pars
826 749 961 814 adversa
975 749 1132 826 similiter,
1154 747 1225 810 sine
1239 767 1331 810 occa·

182 851 285 928 sione,
294 851 339 915 ita
351 851 438 936 quod
450 852 623 935 prudentia
633 851 742 931 Curie‚
751 851 926 916 certificata
940 852 980 917 de
992 853 1038 916 rei
1053 850 1199 927 veritate,
1208 856 1332 933 prestet

183 954 330 1039 partibus
352 975 471 1039 equum
493 963 527 1017 et
537 954 664 1037 justum
676 954 846 1037 judicium.
892 952 989 1032 Item,
1003 952 1032 1016 si
1046 952 1153 1036 aliquo
1168 949 1331 1013 causidico

184 1064 315 1141 pactum
344 1054 442 1119 fuerit
462 1053 603 1118 habendi
631 1055 771 1140 aliquam
797 1065 923 1140 purtem
957 1053 1146 1132 tenementi,
1176 1073 1237 1136 pro
1265 1073 1330 1136 quo

184 1157 326 1242 placitat,
338 1156 461 1222 ratione
477 1157 634 1221 mercedis
646 1180 714 1235 sue,
725 1167 759 1222 et
768 1179 866 1242 super
879 1158 943 1222 hoc
958 1158 1125 1223 convietus
1141 1157 1194 1234 sit,
1203 1154 1332 1219 amittet

184 1272 308 1345 purtem
323 1261 422 1339 iliam,
444 1271 478 1325 et
492 1260 710 1346 suspendatur
723 1260 764 1324 ab
776 1259 881 1324 officio
897 1282 967 1325 suo.
1010 1261 1056 1323 Et
1072 1260 1117 1324 ita
1132 1258 1188 1324 fiat
1202 1258 1242 1321 de
1257 1257 1331 1335 illis,

184 1365 239 1449 qui
265 1386 363 1448 super
392 1364 449 1428 tali
472 1364 726 1449 transgressione
747 1362 887 1428 convicti
909 1363 1040 1441 suerint,
1064 1362 1151 1448 quod
1180 1361 1333 1425 amittant

184 1476 308 1552 purtem
325 1489 417 1530 suam
432 1466 477 1530 ita
491 1466 712 1551 perquisitam,
727 1476 761 1529 et
774 1466 913 1551 graviter
927 1466 1114 1552 puniantur.

228 1570 354 1635 Eodem
371 1569 423 1633 die
437 1568 607 1632 Johannes
623 1568 775 1632 Maunsel
790 1569 874 1632 dixit
890 1589 949 1653 pro
965 1567 1110 1632 Domino
1127 1568 1225 1650 Rege,
1244 1563 1332 1648 quod
1345 1562 1381 1608 θ’
1396 1560 1536 1608 monum

185 1672 256 1758 ipse
271 1673 334 1736 fuit
356 1670 550 1737 certificatus
574 1671 747 1735 Amulium
775 1670 877 1735 filium
901 1668 1086 1746 Thedmari,
1101 1667 1141 1731 de
1157 1689 1221 1752 quo
1237 1688 1333 1751 supe·
1346 1626 1532 1735 icdiiassiuts

185 1775 253 1839 rius
265 1774 388 1839 mentio
396 1775 481 1836 facta
491 1783 554 1851 est,
568 1772 664 1836 nichil
675 1773 859 1858 deliquisse,
875 1782 908 1837 et
919 1771 1006 1858 quod
1022 1771 1143 1855 injuste
1158 1769 1221 1833 fuit
1231 1768 1335 1833 indic·
1346 1760 1430 1801 ω’*
1439 1769 1515 1801 ’“”“·

186 1881 285 1949 tatus,
305 1871 466 1935 revocavit
481 1891 557 1935 eum
580 1870 621 1934 sd
640 1893 753 1956 pacem
773 1882 808 1935 et
821 1874 956 1957 gratiam
971 1894 1076 1951 suam,
1090 1882 1125 1937 et
1138 1871 1283 1956 precepit
1298 1881 1336 1934 ut

186 1973 257 2059 ipse
268 1983 355 2038 esset
369 1973 403 2037 in
418 1982 540 2037 statum
556 1995 647 2039 susm
659 1974 840 2039 restitutus.

231 2077 306 2141 Hoc
317 2097 414 2155 anno,
423 2076 457 2140 in
468 2075 620 2142 Crastino
633 2078 744 2143 Sancti
752 2077 926 2156 Leonardi‚
937 2076 1071 2141 recessit
1082 2075 1248 2141 Dominus
1264 2076 1334 2141 Rex
1348 2067 1384 2141 ne
1396 2064 1533 2139 ’ΝΜ

188 2179 400 2244 sLondoniis
425 2200 539 2243 rersus
554 2202 653 2258 mare,
672 2191 705 2244 et
723 2181 829 2245 dictus
844 2179 1001 2244 Amulius
1012 2179 1064 2243 die
1083 2179 1177 2243 Lune
1188 2173 1337 2264 sequenti
1347 2130 1496 2192 “mm

188 2281 222 2345 in
239 2282 405 2367 Hustingo
420 2281 547 2366 positus
556 2282 618 2345 fuit
626 2282 659 2345 in
675 2283 827 2347 saisinam
837 2283 878 2348 de
889 2280 1011 2346 Warda
1025 2303 1095 2360 sna,
1110 2281 1150 2346 de
1164 2303 1229 2367 qua
1243 2292 1338 2345 antea

188 2383 357 2468 depositus
372 2382 445 2447 fuit

232 2486 350 2551 Postea
364 2485 397 2547 in
413 2485 498 2549 festo
513 2483 599 2548 beati
612 2485 722 2564 Bricii‚
737 2496 816 2550 tunc
830 2485 987 2569 temporis
1002 2481 1054 2549 die
1069 2484 1217 2562 Veneris,
1231 2494 1339 2548 trans-

187 2587 317 2651 fretavit
336 2587 500 2651 Dominus
524 2587 616 2665 Rex3
644 2588 700 2671 qui
720 2599 816 2652 antea
835 2588 876 2651 sd
896 2609 1010 2673 paoem
1035 2598 1070 2652 et
1090 2587 1225 2673 gratiam
1245 2608 1338 2651 suam

188 2697 396 2752 revocaverat
420 2688 616 2752 Nicholaum
638 2688 741 2753 filium
766 2689 872 2769 Jocei,
890 2690 1077 2755 Johannem
1101 2691 1131 2754 le
1156 2688 1280 2767 Minur,
1306 2700 1340 2754 et

189 2789 362 2854 Matheum
384 2789 537 2869 Bukerei,
556 2790 730 2875 dequibus
755 2792 905 2876 superius
930 2791 969 2857 fit
993 2792 1129 2857 mentio.
1179 2791 1339 2855 denlius

193 2891 327 2968 Hardel,
343 2892 523 2958 Nicholaus
538 2892 613 2971 Bat,
624 2902 658 2957 et
672 2893 695 2958 J
697 2892 843 2959 ohannes
858 2893 1001 2958 Tuiesan
1012 2893 1174 2959 obierunt.

233 2995 307 3059 Hoc
322 3018 419 3075 anno,
430 3006 505 3061 ante
520 2995 636 3061 Natale
649 2996 795 3075 Domini,
804 3007 966 3062 mutatum
980 3008 1033 3062 est
1046 2997 1186 3081 sigillum
1202 2996 1336 3062 Domini
1349 3009 1386 3056 De
1402 3022 1461 3083 soso
1481 3006 1561 3083 utputo

190 3096 299 3181 Regis,
321 3096 426 3161 adhuc
441 3098 525 3161 ultra
544 3119 632 3163 mare
646 3097 827 3176 existentis,
841 3099 935 3183 cujus
950 3099 1181 3184 superscriptio
1192 3099 1265 3163 talis
1275 3109 1336 3177 est,
1345 3074 1560 3199 ᾘΕᾎ

188 3198 384 3263 “Henricus
400 3200 463 3264 Dei
485 3201 588 3284 gratia
608 3202 679 3265 Rex
702 3200 831 3286 anglie,
852 3200 1017 3268 Dominus
1039 3200 1197 3265 Hibernis
1210 3212 1245 3265 et
1259 3202 1456 3292 nuspa-‚ru
1475 3200 1542 3274 stege,

189 3301 419 3387 Aquitannie.''
1350 3267 1545 3389 ‚immi

233 3402 280 3465 Et
294 3412 373 3466 tunc
388 3402 533 3466 factaest
547 3403 671 3468 stabilis
691 3425 755 3488 pax
777 3403 862 3468 inter
882 3405 991 3490 ipsum
1005 3414 1040 3468 et
1060 3405 1180 3489 Regem
1205 3403 1339 3468 Francie
1368 3394 1406 3439 ‘'⁸''
1465 3391 1561 3503 mx

189 3504 223 3568 in
248 3504 352 3567 forma
375 3502 578 3588 subscripta3
616 3506 778 3583 videlicet,
803 3506 891 3590 quod
915 3507 987 3590 ipse
1013 3505 1160 3588 quietum
1189 3464 1545 3582 clamanti'sspi'ipni..

191 3606 271 3689 Regi
288 3604 421 3669 Francie
433 3614 540 3669 totum
552 3606 652 3689 juset
663 3606 827 3684 clamium,
849 3608 937 3692 quod
952 3605 1067 3671 habuit
1080 3608 1114 3671 in
1125 3584 1562 3711 Normannia,{:⁸‘'“‡5¹:·9,¹{‘;

191 3708 333 3774 Pictavia
358 3717 391 3772 et
411 3707 603 3792 Andigavia,
626 3719 752 3773 retenta
778 3709 840 3772 sibi
865 3710 1092 3775 tantummodo
1122 3710 1283 3776 Vasconis
1303 3724 1338 3775 et
1348 3730 1391 3789 ηρ
1400 3712 1474 3761 “¹¹¹³
1484 3714 1559 3775 “9¹⁶r

190 3811 383 3897 quibusdam
395 3810 465 3874 aliis
483 3809 629 3896 partibus
644 3812 852 3896 Aquitannie‚
868 3812 908 3877 de
923 3811 1040 3898 quibus
1049 3811 1120 3898 ipse
1134 3813 1210 3878 iecit
1224 3814 1337 3879 homa·
1348 3780 1535 3895 &2222

189 3915 278 3999 ςίηιη
295 3912 375 3998 Regi
386 3913 529 3979 Francia.
573 3914 666 3980 Tunc
677 3915 833 3999 temporis
843 3915 933 3980 dedit
943 3915 1029 3980 idem
1044 3916 1115 3980 Rex
1126 3915 1242 4002 Anglis
1253 3917 1337 3984 Bea-
1347 3915 1423 3983 “3¹¹⁰
1433 3914 1546 3981 “W'‘

189 4017 314 4095 tricem,
329 4014 427 4080 filiam
437 4038 542 4096 suam,
556 4016 623 4084 filio
639 4016 778 4084 Comitis
795 4017 962 4085 Britannie
976 4018 1011 4083 in
1026 4040 1172 4085 uxorem.
1348 3972 1495 4036 anama
