3540 4830
520 432 775 478 vrcsoourvuu
801 431 1086 477 sospouranuu.
1317 415 1374 473 145

225 583 338 647 subter
359 595 392 648 et
414 607 522 669 supra,
544 585 601 648 fiat
623 607 687 649 una
709 606 787 650 crux
802 584 942 670 depicta,
967 595 1001 648 et
1024 583 1121 648 etiam
1137 603 1177 646 cx
1192 591 1377 647 transverso

224 685 336 750 subter
356 698 389 750 et
404 710 511 773 supra.
556 688 602 752 Et
616 710 676 771 pro
691 688 745 752 ills
760 688 941 773 signatione
956 687 1048 751 dabit
1063 696 1224 751 mercator
1239 685 1280 748 de
1295 705 1376 768 quo·

223 787 302 851 libet
318 811 410 853 sacco
426 812 528 853 unum
542 790 675 854 obolum
684 815 694 868 ;
717 791 803 875 quod
820 812 887 854 non
902 788 1004 854 stetit.

269 890 331 952 Per
342 901 446 954 totum
463 890 551 955 hunc
566 913 688 955 annum
703 891 827 955 nullum
840 891 1001 975 judicium
1017 891 1201 954 factumest
1216 889 1256 954 de
1272 889 1375 974 pisto·

223 989 333 1069 ribus3
357 1004 407 1056 set
422 994 567 1057 lecerunt
590 1014 690 1078 panes
712 1015 772 1077 pro
791 993 959 1059 voluntate
980 1016 1049 1072 sua,
1076 994 1121 1058 ita
1136 993 1223 1079 quod
1239 993 1279 1059 de
1294 1014 1374 1077 quo·

223 1092 303 1157 libet
318 1117 400 1178 pane
416 1095 533 1159 defecit
547 1095 580 1158 in
596 1095 739 1180 pondere
753 1094 848 1159 tertia
863 1116 948 1179 pars,
964 1096 1017 1160 vel
1032 1107 1145 1181 quarta
1159 1096 1201 1159 ad
1216 1095 1336 1160 minus.

270 1195 345 1257 Hoc
359 1217 456 1274 anno,
470 1217 581 1259 mense
595 1195 745 1280 Augusti,
754 1195 841 1280 apud
854 1195 1068 1282 Norewycum
1081 1197 1199 1261 accidit
1210 1196 1372 1280 quoddam

223 1297 401 1379 pessimum
422 1297 634 1361 infortunium
657 1308 691 1362 et
705 1320 724 1362 a
739 1298 824 1362 seclo
846 1295 930 1360 inter
946 1297 1149 1362 Christianos
1167 1298 1350 1362 inauditum
1363 1323 1372 1375 ;
1386 1298 1572 1383 suadentes

224 1399 310 1479 quod
341 1399 487 1464 Ecclesia
517 1400 720 1464 Cathedralis
758 1400 790 1463 in
828 1399 951 1464 honore
983 1400 1100 1464 Sancte
1133 1401 1301 1464 Trinitatis
1331 1400 1372 1464 ab
1385 1366 1590 1425 naeinam.

223 1500 356 1583 antiquo
386 1501 506 1565 ibidem
534 1502 669 1566 lundata
698 1500 870 1566 combusta
895 1509 946 1564 est
975 1522 1033 1585 per
1058 1501 1166 1584 ignem
1191 1500 1371 1565 voluntarie

223 1601 423 1685 impositum,
436 1627 510 1667 cum
527 1605 678 1668 omnibus
691 1604 842 1668 domibus
857 1602 1088 1666 monachorum
1101 1603 1183 1665 infra
1194 1602 1372 1667 clausturas

223 1702 308 1767 dicte
323 1705 455 1769 ecclesie
478 1707 683 1770 constructis.
743 1706 789 1769 Et
814 1707 876 1769 hoc
901 1705 963 1768 fuit
986 1726 1044 1789 per
1067 1703 1250 1788 superbiam
1273 1704 1371 1784 illius,

222 1805 277 1888 qui
299 1817 376 1870 tuuc
391 1808 547 1892 temporis
571 1808 633 1871 fuit
649 1807 740 1872 Prior
754 1807 840 1871 illius
856 1805 994 1883 cenobii,
1017 1805 1102 1868 sicut
1120 1805 1153 1868 in
1170 1805 1370 1890 subsequen·

222 1906 308 1971 tibus
324 1910 474 1991 cognosci
489 1909 619 1993 poterit.
642 1911 729 1975 Nam
744 1931 803 1996 per
816 1930 985 1973 assensum
1000 1916 1034 1971 et
1048 1912 1267 1986 (consensum
1283 1907 1369 1972 illius
1374 1923 1415 1984 so.
1428 1923 1475 1971 130
1489 1931 1520 1972 ιο.

223 2009 352 2088 Prioris,
378 2010 542 2093 garciones
562 2022 597 2077 et
619 2013 796 2076 servientes
820 2009 1056 2074 Monacborum
1080 2009 1249 2095 sepissime
1272 2010 1370 2075 intra·

223 2123 339 2177 verunt
362 2113 549 2191 Civitatem,
571 2113 777 2179 verberantes
803 2124 837 2178 et
866 2113 1058 2178 wlnerantes
1088 2113 1237 2176 homines
1259 2123 1293 2177 et
1325 2114 1372 2178 se-

222 2217 326 2279 minas
342 2217 423 2279 infra
438 2216 553 2280 domos
569 2238 644 2280 suas
659 2227 693 2281 et
707 2227 798 2281 extra
812 2225 846 2280 et
861 2215 963 2279 multa
978 2213 1241 2278 malefacientes.
1285 2215 1370 2279 Item

219 2320 273 2383 ille
289 2320 380 2382 Prior
394 2330 537 2382 extruere
563 2340 582 2381 a
605 2318 789 2382 Commune
811 2317 961 2382 Civitatis
987 2315 1136 2380 homines
1157 2316 1197 2379 de
1223 2314 1371 2381 libertate

220 2419 393 2496 nitebatur,
419 2430 456 2482 ut
479 2429 600 2496 essent,
625 2418 687 2482 suh
711 2418 855 2483 dominio
882 2439 953 2496 suo,
977 2416 1115 2501 separati
1137 2439 1156 2480 a
1175 2416 1369 2482 Commune.

222 2520 304 2583 ltem
317 2543 391 2583 cum
417 2520 567 2584 monachi
592 2520 734 2585 habeant
760 2520 894 2605 singulis
918 2519 1012 2583 annis
1043 2540 1142 2583 unam
1173 2518 1285 2583 leriam
1311 2541 1370 2603 per

219 2622 384 2705 antiquam
400 2622 681 2701 consuetudinem,
692 2621 828 2707 contigit
842 2623 905 2686 hoc
920 2643 1005 2685 anno
1021 2621 1104 2685 circa
1118 2621 1237 2685 festum
1250 2621 1368 2687 Sancte

217 2725 394 2803 Trinitatis,
409 2724 614 2789 venientibus
640 2725 776 2791 Civibus
803 2747 878 2789 cum
902 2723 1119 2789 mercimoniis
1147 2725 1214 2788 suis
1236 2724 1369 2804 ibidem,

217 2838 250 2892 et
266 2827 337 2890 curu
356 2829 458 2912 major
472 2848 546 2912 mars
558 2848 671 2891 eorum
687 2827 720 2890 in
736 2827 800 2890 fine
816 2825 1033 2890 nundinarum
1046 2826 1166 2890 revomi
1181 2827 1312 2891 fuerunt
1326 2828 1367 2892 ad

218 2931 357 3014 propria,
376 2928 553 2993 servientes
568 2929 801 2994 monachorum
820 2928 894 2992 illos
904 2928 960 3012 qui
981 2938 1206 2992 remanserunt
1221 2928 1368 3013 nequiter

216 3032 420 3108 insultantes,
435 3029 695 3108 verberaverunt,
709 3031 970 3108 vulneraverunt,
986 3039 1020 3094 et
1034 3029 1192 3114 quosdam
1208 3029 1368 3095 interfice-

214 3142 312 3208 runt3
345 3144 379 3196 et
405 3153 502 3216 super
526 3132 589 3197 hoc
615 3154 798 3217 nunoquam
822 3132 920 3196 ullam
946 3131 1117 3196 emendam
1146 3131 1249 3194 facere
1275 3153 1367 3196 cura·

213 3244 341 3311 verunt,
366 3233 424 3297 sed
452 3255 579 3318 semper
601 3235 634 3298 in
662 3235 786 3299 malicia
809 3244 843 3298 et
869 3233 1016 3317 nequicia
1042 3254 1101 3296 sua
1119 3243 1363 3317 perseverantes

213 3358 326 3401 versus
342 3334 439 3398 Cives
452 3335 560 3397 omnia
575 3336 659 3398 mala
673 3344 949 3420 perpetraverunt.
979 3332 1077 3396 Cives
1093 3342 1202 3396 autem
1214 3341 1265 3396 tot
1280 3333 1364 3397 mala

215 3449 248 3502 et
281 3445 404 3499 tantam
436 3434 626 3498 violenciam
662 3435 744 3498 ierre
774 3434 912 3518 amplius
947 3455 1014 3496 non
1043 3434 1199 3510 valentes,
1229 3454 1362 3516 congre-

212 3549 369 3624 gaverunt
385 3558 419 3600 se
435 3537 522 3600 etad
537 3558 626 3600 arma
648 3546 910 3621 preparaverunt,
934 3544 972 3598 ut
996 3534 1063 3598 vim
1085 3534 1118 3598 vi
1144 3534 1360 3618 repellemnt3

213 3640 300 3724 quod
314 3638 367 3702 ille
383 3638 544 3720 pessimus
568 3639 659 3702 Prior
680 3637 863 3720 intelligens
887 3635 964 3700 lecit
978 3635 1087 3700 venire
1103 3636 1143 3701 de
1160 3636 1361 3702 Gernemuta

212 3764 361 3826 magnam
387 3740 628 3805 multitudinem
655 3739 889 3818 malivolorum,
905 3739 972 3824 qui,
996 3749 1142 3823 tempore
1165 3739 1360 3804 turbationis

212 3845 313 3928 regni,
336 3843 508 3907 extiterant
531 3844 628 3920 sures,
652 3852 807 3927 raptores,
830 3853 864 3906 et
887 3841 1118 3906 malefactores.
1163 3841 1230 3907 Qui
1245 3863 1359 3906 omnes

212 3955 370 4009 venerunt
395 3966 451 4029 per
469 3967 567 4030 aquas
582 3945 623 4009 ad
639 3944 717 4008 illud
732 3943 915 4022 cenobium,
930 3943 1140 4010 ascendentes
1153 3966 1250 4029 super
1261 3944 1359 4010 Bere-

256 4067 370 4110 cauo.
387 4067 458 4110 soc.
1163 4068 1184 4110 u
