3540 4830
538 458 580 517 88
894 471 1056 518 caosrca
1083 469 1258 516 narcara
1284 470 1331 515 er

537 624 645 703 modo,
656 634 735 687 tunc
748 624 904 709 temporis
916 625 1051 688 missum
1064 623 1126 687 tuit
1137 622 1233 688 breve
1246 622 1379 687 Domini
1390 622 1560 707 liegissnb
1569 624 1690 691 ndu

535 728 638 791 forma
650 728 802 792 omnibus
818 726 1073 791 vicecomitibus
1088 725 1215 811 Anglie.

579 832 709 909 Statim,
724 851 811 905 vero,
822 829 935 895 eodem
952 829 1004 893 die
1016 829 1098 893 lecte
1112 827 1244 893 luerunt
1258 827 1396 914 quedam
1408 826 1513 893 littere
1524 842 1693 915 parate,

535 935 740 999 continentes
755 933 842 1018 quod
860 933 928 995 lles
943 931 1077 995 tradidit
1092 930 1268 995 Civitatem
1278 929 1455 995 ll’illielmo
1465 930 1533 997 tilio
1547 934 1692 1011 lliesrdi,

535 1038 590 1122 qui
620 1050 715 1101 antea
740 1037 884 1101 Ballivus
914 1034 975 1098 t'uit
1002 1034 1154 1099 Civitatis
1180 1054 1239 1119 per
1263 1033 1453 1099 electionem
1477 1034 1622 1112 Civium,
1643 1038 1690 1103 nd

534 1139 790 1217 custodiendam,
816 1151 850 1203 et
875 1138 1144 1201 vicecomitatum
1172 1136 1399 1215 Middelsexie,
1428 1158 1488 1223 per
1516 1138 1688 1225 antiquam

535 1242 671 1322 firmani,
687 1244 851 1308 reddendo
872 1243 913 1306 ad
936 1243 1139 1307 Smecsrium
1163 1264 1271 1307 suum.
1315 1242 1391 1309 (lue
1404 1240 1510 1305 littere
1524 1242 1691 1309 conmrh

535 1348 664 1410 luerunt
680 1346 822 1431 predicte
839 1348 948 1423 Carta,
969 1368 1026 1428 per
1040 1367 1137 1430 quam
1154 1347 1285 1410 Cartsm
1302 1344 1428 1409 Civitas
1446 1342 1544 1409 debet
1565 1342 1691 1411 hebere

534 1472 648 1513 omnes
664 1449 828 1513 libertates
844 1461 877 1512 et
893 1449 1008 1513 liberas
1030 1447 1281 1511 eonsuetudines
1297 1470 1384 1525 suas,
1403 1457 1436 1510 et
1459 1447 1506 1511 sic
1528 1446 1690 1515 deberent

536 1552 635 1616 Cives
650 1552 766 1637 eligere
781 1550 843 1615 sibi
858 1550 1074 1617 vicecomites
1093 1562 1127 1615 et
1152 1550 1322 1615 Maiorem.
1366 1548 1421 1615 Ob
1442 1572 1688 1637 quamam

536 1654 633 1717 Cives
669 1654 829 1718 miserunt
857 1653 898 1717 ad
928 1654 1049 1717 curiam
1081 1652 1215 1717 Domini
1254 1652 1351 1737 llcgis
1376 1652 1514 1717 noncim
1536 1674 1626 1731 suos,
1652 1666 1690 1721 et

534 1757 688 1820 remansit
718 1757 803 1821 idern
830 1755 1026 1820 ll'illielmua
1056 1754 1179 1819 Custos
1210 1754 1361 1819 Civitatis
1394 1766 1430 1820 et
1458 1754 1690 1835 Middelsesie,

534 1860 608 1944 quia
641 1860 739 1924 (ires
770 1858 946 1923 noluemnt
983 1857 1099 1941 eligere
1136 1868 1250 1922 contre
1284 1856 1446 1942 predictas
1474 1856 1584 1923 literas
1613 1860 1689 1927 sine

533 1962 663 2024 lieentia
680 1962 813 2024 Domini
834 1961 942 2043 liegis.
986 1960 1052 2025 Sed
1068 1961 1226 2025 miserunt
1241 1960 1378 2025 nuncios
1391 1961 1433 2027 ad
1448 1962 1582 2041 uniam,
1599 1964 1690 2029 aaut

534 2064 713 2147 predictum
729 2074 790 2125 est.

330 2220 356 2262 ,Ι
373 2220 400 2247 ,,
411 2205 474 2249 m,
578 2166 630 2229 nd
647 2167 765 2229 festum
783 2166 893 2229 Sancti
911 2165 1092 2243 Michaelis,
1106 2184 1192 2229 atino
1209 2165 1342 2230 Domini
1360 2166 1489 2231 Mocc-
1503 2166 1691 2235 LXuexto

354 2270 381 2314 '¹¹'
389 2286 411 2313 ”
434 2272 448 2315 '¹
534 2268 729 2334 willielmus
741 2270 825 2333 tilius
843 2269 981 2348 llicardi,
992 2271 1114 2333 Custos
1127 2268 1277 2332 Civitatis
1292 2281 1326 2334 et
1342 2268 1690 2345 lliddelsesie,adlme

533 2374 687 2437 remansit
713 2373 745 2437 in
770 2373 892 2437 Balliva
907 2396 975 2437 sua.
1021 2372 1098 2439 Quo
1117 2386 1227 2437 amoto
1250 2374 1283 2438 in
1299 2374 1384 2438 festo
1406 2374 1515 2437 Sancti
1539 2372 1691 2451 Martini,

534 2476 607 2539 sacti
638 2490 715 2541 sunt
747 2476 862 2541 Balliri
905 2476 1057 2540 tssin'tnn
1086 2487 1120 2542 et
1151 2475 1366 2540 lliddleaexie
1403 2497 1462 2562 per
1492 2474 1688 2543 dectiom

534 2580 663 2643 Civium

419 2712 491 2755 ·,.,„,
574 2681 594 2744 J
599 2683 743 2744 ohannes
760 2683 944 2746 elddrienus
959 2694 992 2746 et
1009 2683 1113 2746 Lucas
1129 2682 1169 2745 de
1187 2682 1372 2746 Bateneurt.

578 2784 650 2846 lloe
664 2806 750 2847 nnnc
765 2786 847 2847 eirea
864 2786 981 2848 festum
997 2786 1108 2847 Sancti
1127 2784 1297 2848 Michaelis
1311 2783 1405 2850 electi
1420 2783 1550 2847 luentnt
1567 2784 1609 2868 aij
1626 2786 1690 2853 rin·

530 2887 571 2949 de
588 2886 799 2971 Magnetibus
815 2890 915 2969 regni,
930 2900 996 2951 tani
1013 2887 1237 2952 ecclesiasticis
1257 2910 1354 2973 quam
1375 2888 1475 2965 laicis,
1496 2888 1529 2953 in
1543 2910 1690 2973 quorun

530 2989 662 3052 arbitrio
677 3001 710 3052 et
725 2989 930 3053 ordinacione
947 2990 1091 3075 positum
1116 2990 1176 3053 fuit
1200 2992 1377 3073 negotium,
1403 3002 1540 3075 tangens
1561 3002 1688 3057 anta·

531 3092 630 3173 regni,
646 3104 677 3155 et
704 3091 842 3155 maxime
863 3093 903 3156 de
924 3092 1147 3171 exheredatis3
1171 3094 1215 3156 ita
1237 3095 1325 3178 quod
1346 3092 1497 3179 quicquid
1524 3092 1586 3178 ipsi
1609 3114 1691 3179 μο-

531 3196 730 3272 nunciarent,
745 3195 880 3259 firmiter
894 3195 1132 3261 observaretur.
1168 3200 1318 3264 (luorum
1337 3196 1503 3261 ordinacio
1517 3196 1690 3281 dirulgm

531 3300 591 3361 luit
605 3299 657 3362 die
677 3298 846 3363 Dominica
860 3312 935 3363 ante
951 3301 1071 3363 fastum
1087 3300 1245 3364 Omnium
1262 3302 1456 3364 Sanctorum
1471 3299 1557 3385 apud
1569 3298 1690 3367 tvm-

530 3424 609 3487 wye,
625 3423 731 3465 eornm
750 3402 893 3465 Domino
909 3404 995 3487 Rege
1010 3414 1044 3467 et
1059 3404 1194 3467 eonsilic
1207 3427 1266 3467 suo
1282 3415 1314 3468 et
1331 3403 1556 3469 innumerabili
1572 3404 1691 3471 Comi-

530 3518 611 3581 tum,
636 3506 800 3569 llnrnnum
824 3518 857 3569 et
879 3506 1027 3585 aliorum,
1055 3530 1113 3592 per
1138 3508 1306 3589 Legatum,
1330 3520 1403 3592 post
1431 3508 1688 3593 predicationem

531 3630 633 3675 suani.
648 3608 809 3671 dicentem
835 3616 855 3645 ‘⁴
867 3612 964 3694 tquod
982 3611 1089 3675 nullus
1109 3611 1150 3674 de
1171 3611 1372 3676 exheredatis
1396 3611 1543 3696 perderet
1564 3622 1690 3679 lemn

531 3734 643 3787 suanm
666 3712 735 3781 sed.
750 3713 803 3795 qui
829 3714 901 3796 plus
924 3715 1114 3799 transgressi
1142 3714 1259 3777 luerint
1282 3725 1394 3777 eontra
1418 3714 1597 3779 Dominum
1621 3714 1691 3781 lle·

529 3838 613 3895 geni,
638 3816 871 3879 redimerentur
896 3832 1052 3902 quantum
1078 3831 1161 3880 terre
1185 3839 1297 3881 enrum
1325 3818 1434 3881 valent
1460 3838 1518 3901 per
1539 3819 1689 3904 quinque

528 3939 641 3987 annos,
664 3931 694 3980 et
722 3919 852 4001 quidam
878 3921 942 3991 alii,
965 3934 1122 4006 quantum
1145 3942 1203 3983 sue
1226 3921 1333 3983 valent
1361 3942 1418 4005 per
1440 3920 1522 3983 duos
1544 3924 1689 3987 annos.”

529 4017 592 4091 llli,
604 4021 755 4103 ren›,qui
771 4022 880 4085 minus
895 4023 1098 4108 deliquerint,
1108 4035 1265 4109 quantum
1276 4035 1359 4087 terre
1374 4045 1484 4087 acrum
1501 4022 1612 4088 valent
1627 4046 1693 4111 per
