3540 4830
728 620 907 666 renasca.
1328 600 1416 666 dxvii

215 772 260 829 vel
274 770 409 829 heredum
429 780 589 831 nostrorum
602 772 724 831 habeant
737 774 893 832 custodiam
907 773 1031 831 omnium
1051 781 1188 831 terrarum
1202 781 1230 831 et
1243 782 1415 831 tenemento-

215 886 278 924 rum
291 867 480 943 predictorum
493 885 582 944 usque
596 869 722 929 adanam
743 872 909 948 legittimam
922 880 1024 930 etatem
1046 891 1101 929 una
1122 892 1185 928 cum
1200 872 1355 948 maritagiis
1369 891 1416 929 eo·

215 963 341 1031 rundem‚
355 964 433 1021 salva
446 973 539 1022 tamen
554 966 671 1024 nobiset
684 967 833 1026 heredibus
846 970 952 1027 nostris
967 970 1084 1026 servicia
1095 969 1174 1026 nobis
1184 969 1278 1026 debita
1288 970 1323 1026 de
1334 970 1416 1027 terris

214 1069 243 1118 et
256 1063 422 1118 tenementis
433 1063 565 1138 predictis
574 1073 603 1120 et
617 1063 754 1142 homagiis
765 1067 903 1123 dictorum
918 1067 1053 1124 heredum
1061 1084 1126 1123 cum
1136 1066 1173 1123 ad
1187 1066 1298 1141 plenam
1313 1074 1416 1122 etatem

215 1159 401 1235 pervenerint.
432 1159 467 1216 ln
480 1161 570 1235 eujus,
584 1165 636 1221 &c
679 1163 765 1222 Teste
780 1165 858 1241 Rege
872 1166 946 1241 apud
961 1165 1101 1223 Oxoniam
1115 1165 1181 1221 xxiii
1196 1165 1240 1222 die
1255 1163 1416 1222 Octobris.”

257 1258 300 1313 At
314 1256 362 1313 the
375 1257 441 1313 time
455 1257 489 1313 of
509 1257 566 1315 this
588 1268 673 1335 grant
695 1261 803 1319 Robert
821 1264 961 1340 Aguylon
976 1283 1031 1320 was
1046 1282 1062 1320 a
1076 1263 1215 1329 widonen,
1239 1281 1271 1319 as
1285 1281 1325 1318 wa
1339 1262 1416 1320 leam

213 1354 289 1411 from
303 1353 351 1410 the
365 1353 509 1431 following
523 1359 625 1416 entries
639 1378 675 1415 on
690 1360 737 1416 the
754 1359 822 1417 Plea
838 1360 919 1418 Rolls
934 1361 967 1418 of
987 1360 1174 1418 Michaelmas
1196 1360 1293 1426 Tarm,
1314 1360 1344 1415 in
1365 1359 1414 1417 tho

215 1451 283 1507 5lst
305 1470 375 1527 year
389 1452 422 1508 of
442 1452 490 1508 the
504 1454 583 1529 reign
597 1456 631 1511 of
652 1457 765 1534 Henry,
779 1478 829 1514 son
851 1457 884 1515 of
905 1458 984 1533 King
1005 1458 1092 1526 John,
1107 1457 1196 1514 under
1220 1457 1270 1514 the
1283 1455 1416 1530 heading,

216 1553 234 1580 “
246 1546 353 1604 Placita
366 1565 460 1604 coram
483 1547 562 1624 Rege
575 1569 593 1606 a
607 1549 650 1608 dic
672 1551 768 1611 Sancti
790 1553 941 1611 Michaelis
962 1555 992 1612 in
1007 1563 1063 1612 tres
1078 1553 1273 1630 septimanas,''
1287 1551 1416 1610 eleventh

217 1644 439 1701 membrane2-

258 1748 276 1775 ‘⁴
288 1740 437 1805 Hibernia.
478 1746 619 1804 Convenit
633 1749 706 1805 inter
718 1750 860 1823 Agnetem
874 1748 909 1806 de
921 1749 1015 1826 Veaoy
1028 1749 1056 1804 in
1071 1748 1154 1823 legali
1169 1748 1304 1805 viduitate
1319 1764 1369 1804 sua
1383 1763 1418 1801 ex

291 1841 427 1902 Ehorum.
443 1767 533 1900 {una
545 1853 624 1918 parte
637 1853 666 1901 et
687 1844 845 1901 Robertum
871 1844 1001 1921 Aguilun
1021 1855 1050 1901 et
1070 1845 1228 1903 Johannam
1249 1843 1283 1900 de
1306 1842 1418 1899 Mohun

216 1955 331 1995 uxorem
346 1943 406 2016 ejus
420 1962 454 1999 ex
468 1942 565 2008 altera,
580 1941 715 2009 videlicet,
730 1940 805 2018 quod
824 1941 898 2000 dicta
920 1944 1019 2017 Agnes
1040 1943 1177 1999 concessit
1190 1961 1240 2018 pro
1255 1960 1283 1998 se
1296 1951 1326 1997 et
1338 1940 1419 1996 here·

215 2033 297 2094 dibus
318 2040 376 2096 suis
396 2040 527 2115 predictis
549 2040 676 2097 Roberto
695 2048 723 2097 et
743 2038 874 2098 Johanne
895 2049 924 2097 ct
943 2039 1092 2097 heredibus
1113 2040 1199 2115 ipsius
1220 2038 1351 2097 Johanne
1374 2037 1417 2093 vel

215 2135 274 2192 suis
297 2137 448 2211 assignatis
472 2137 588 2195 reddere
600 2138 745 2195 annuatim
765 2145 825 2195 tota
837 2139 898 2196 vita
918 2136 1085 2213 Margarete
1102 2137 1249 2195 Comitisse
1274 2132 1419 2193 Lincoluie

216 2232 312 2290 decem
326 2234 412 2292 libras
432 2235 628 2312 sterlingorum
642 2234 678 2292 ad
692 2235 762 2292 duos
776 2237 909 2293 terminos
923 2236 1000 2304 anni,
1014 2235 1128 2300 scilicet,
1143 2244 1255 2292 centum
1270 2232 1372 2290 solidos
1386 2231 1416 2286 in

217 2330 330 2388 octabas
345 2330 441 2390 Sancti
457 2332 605 2390 Michaelis
619 2341 648 2389 et
660 2341 774 2389 centum
789 2332 893 2389 solidos
904 2333 934 2389 in
948 2331 1063 2388 octabas
1079 2330 1195 2397 Pascha,
1210 2328 1284 2406 apud
1300 2328 1416 2386 Novum

216 2426 366 2503 Templum
390 2428 601 2486 Londoniarum
625 2430 785 2486 testimonio
810 2428 945 2505 Magistri
959 2430 1005 2486 vel
1025 2429 1146 2484 fratrum
1166 2426 1291 2502 ejusdem
1307 2424 1416 2491 domus,

217 2524 330 2591 scilieet,
345 2545 397 2602 pro
410 2526 570 2583 molendino
581 2526 615 2582 de
631 2525 746 2582 Kildara
761 2526 837 2600 quod
851 2524 975 2600 predicta
988 2522 1007 2581 J
1009 2523 1120 2579 ohanna
1133 2521 1232 2579 habuit
1245 2522 1274 2577 in
1288 2518 1419 2577 ercham-

217 2622 297 2678 bium
310 2641 361 2697 pro
375 2621 470 2678 decem
491 2621 598 2678 libratis
619 2630 692 2679 terre
715 2641 770 2697 qne
790 2620 918 2678 accident
937 2619 1026 2676 eidem
1049 2618 1178 2678 Johanne
1199 2618 1233 2674 da
1255 2616 1367 2674 Mohun
1387 2616 1416 2672 in

217 2718 286 2775 villa
300 2719 335 2775 de
351 2718 471 2776 Karlion
484 2720 514 2775 in
529 2738 580 2777 sua
595 2729 727 2795 purparte
741 2718 775 2775 de
788 2716 942 2775 hereditate
956 2714 1076 2773 Walteri
1092 2714 1256 2772 Marescalli
1276 2713 1417 2789 quondam

219 2817 338 2875 Comitis
353 2815 486 2874 Penbrok
501 2815 577 2874 etde
591 2834 647 2891 quo
659 2814 820 2872 molendino
833 2814 908 2871 dicta
923 2814 1073 2873 Comitissa
1094 2811 1240 2869 Lincoluie
1254 2819 1297 2867 est
1311 2809 1417 2877 dotata,

217 2913 257 2971 ita
271 2933 336 2970 vero
352 2914 429 2989 quod
449 2922 513 2988 post
534 2913 680 2970 decessum
693 2912 766 2969 dicte
788 2911 937 2969 Comitisse
951 2911 1057 2967 dictum
1070 2908 1262 2967 molendinum
1276 2925 1340 2963 cum
1354 2923 1416 2981 per-

217 3010 340 3067 tinentiis
361 3010 494 3085 predictis
521 3008 646 3066 Roberto
670 3017 699 3066 et
723 3009 852 3068 Johanne
876 3016 906 3065 et
929 3007 1078 3065 heredibus
1102 3007 1190 3083 ipsius
1204 3005 1344 3070 Johanne,
1366 3004 1417 3062 &a

217 3108 275 3165 sine
289 3108 382 3183 aliqua
396 3105 613 3164 contradictione
634 3104 756 3180 predicte
778 3106 899 3181 Agnetis
918 3114 947 3163 et
969 3105 1101 3162 heredum
1126 3122 1242 3160 suorum
1262 3102 1369 3176 integre
1387 3107 1417 3156 et

217 3202 382 3260 hereditarie
396 3210 550 3259 revertetur
563 3203 768 3277 inperpetuum.
811 3202 850 3259 Et
862 3211 930 3259 tunc
944 3203 1127 3277 imposterum
1141 3198 1266 3277 predicta
1280 3200 1376 3272 Agnes
1387 3203 1417 3253 et

216 3311 245 3358 et
258 3300 372 3357 heredes
394 3300 435 3356 sni
457 3301 550 3376 quieta
571 3308 752 3375 permaneant
765 3319 782 3356 a
796 3300 920 3375 predicta
935 3299 1076 3357 solucione
1090 3299 1186 3356 decem
1206 3298 1339 3353 librarum
1354 3314 1417 3370 pre-

217 3399 298 3456 dictis
325 3397 451 3454 Roberto
465 3406 493 3452 et
517 3394 649 3455 Johanne
669 3404 698 3452 et
725 3395 874 3452 heredibus
888 3397 977 3473 ipsius
992 3396 1122 3455 Johanne
1136 3395 1182 3452 vel
1196 3394 1253 3450 suis
1267 3390 1417 3466 assignatis

216 3494 344 3552 facienda
358 3495 569 3569 imperpetuum.
612 3491 650 3548 Et
664 3493 687 3548 si
701 3492 741 3548 ita
754 3494 900 3568 contingat
914 3493 990 3568 quod
1004 3493 1128 3570 predicta
1143 3493 1242 3566 Agnes
1257 3497 1285 3546 et
1298 3486 1414 3544 heredes

217 3593 260 3648 sni
273 3592 317 3647 vel
332 3592 467 3666 assignati
481 3590 524 3646 ani
538 3589 573 3645 de
590 3589 651 3664 ipsa
664 3588 805 3645 solucione
817 3589 945 3646 facienda
957 3589 994 3646 ad
1014 3589 1105 3646 dictos
1126 3587 1261 3645 terminos
1274 3585 1303 3639 in
1322 3583 1416 3655 aliquo

217 3688 395 3752 cessareriut,
410 3687 533 3762 predicta
557 3686 657 3759 Agnes
678 3685 784 3761 obligat
808 3705 838 3742 sa
858 3695 887 3743 et
907 3686 1023 3743 heredes
1038 3705 1103 3742 suos
1120 3683 1164 3740 vel
1179 3700 1244 3737 suos
1258 3680 1416 3754 assignatos

217 3782 439 3858 distringendum
459 3802 509 3858 per
522 3782 665 3838 dominum
686 3781 795 3856 Regem
809 3781 853 3838 vel
873 3801 923 3857 per
936 3782 1056 3838 ballivos
1070 3799 1135 3837 suos
1149 3796 1339 3853 quoscumque
1353 3795 1416 3852 pre·

217 3882 284 3940 dicti
308 3879 449 3936 Ilobertus
470 3887 500 3935 et
520 3877 651 3936 Johanna
670 3887 700 3934 et
719 3875 834 3933 heredes
855 3877 941 3952 ipsius
962 3876 1092 3935 Johanne
1105 3876 1244 3933 voluerint
1264 3875 1367 3952 eligere
1380 3874 1417 3933 ad

217 3979 290 4036 hanc
305 3977 507 4034 districtionem
526 3973 683 4032 faciendam
696 3993 746 4050 per
760 3991 857 4030 omnes
870 3982 959 4030 terras
974 3992 1038 4029 suas
1052 3973 1081 4028 in
1097 3972 1203 4047 Anglia
1216 3981 1245 4030 et
1261 3973 1372 4039 Wallia,
1386 3982 1415 4030 et

217 4095 267 4153 per
280 4075 375 4131 omnia
388 4075 462 4131 bona
476 4093 526 4130 sua
547 4072 661 4129 mobilia
680 4081 709 4130 et
732 4071 893 4138 immobilia,
909 4090 1054 4146 quousque
1068 4069 1190 4147 predicta
1206 4072 1305 4145 Agnes
1318 4080 1348 4126 et
1365 4069 1415 4125 he·

218 4173 297 4232 redes
311 4173 354 4231 sui
368 4172 413 4230 vel
428 4172 471 4230 sui
483 4172 618 4248 assignati
632 4169 818 4230 satisfecerint
832 4169 956 4247 predicto
982 4169 1108 4228 Roberto
1128 4178 1157 4226 et
1180 4167 1309 4226 Johanne
1323 4177 1352 4224 et
1365 4165 1414 4224 he·
