<?xml version="1.0" encoding="UTF-8"?>
<!DOCTYPE html PUBLIC "-//W3C//DTD XHTML 1.0 Transitional//EN"
    "http://www.w3.org/TR/xhtml1/DTD/xhtml1-transitional.dtd">
<html xmlns="http://www.w3.org/1999/xhtml" xml:lang="en" lang="en">
 <head>
  <title>
</title>
<meta http-equiv="Content-Type" content="text/html;charset=utf-8" />
  <meta name='ocr-system' content='tesseract 3.04.00' />
  <meta name='ocr-capabilities' content='ocr_page ocr_carea ocr_par ocr_line ocrx_word'/>
</head>
<body>
  <div class='ocr_page' id='page_1' title='image "./deantiquislegib01fitzgoog_0434.png"; bbox 0 0 3540 4830; ppageno 0'>
   <div class='ocr_carea' id='block_1_1' title="bbox 450 485 1300 546">
    <p class='ocr_par' dir='ltr' id='par_1_1' title="bbox 450 485 1300 546">
     <span class='ocr_line' id='line_1_1' title="bbox 450 485 1300 546; baseline 0.004 -6"><span class='ocrx_word' id='word_1_1' title='bbox 450 497 708 544; x_wconf 78' lang='lat' dir='ltr'><strong>vrcscourruu</strong></span> <span class='ocrx_word' id='word_1_2' title='bbox 736 499 1021 546; x_wconf 69' lang='lat' dir='ltr'><strong>tortuotltaavu.</strong></span> <span class='ocrx_word' id='word_1_3' title='bbox 1242 485 1300 543; x_wconf 82' lang='lat'><strong>161</strong></span> 
     </span>
    </p>
   </div>
   <div class='ocr_carea' id='block_1_2' title="bbox 147 649 1523 3704">
    <p class='ocr_par' dir='ltr' id='par_1_2' title="bbox 153 649 1304 1146">
     <span class='ocr_line' id='line_1_2' title="bbox 156 649 1304 737; baseline 0.001 -21"><span class='ocrx_word' id='word_1_4' title='bbox 156 650 339 728; x_wconf 77' lang='lat' dir='ltr'><strong>Michaelis,</strong></span> <span class='ocrx_word' id='word_1_5' title='bbox 353 649 435 714; x_wconf 91' lang='lat' dir='ltr'><strong>etin</strong></span> <span class='ocrx_word' id='word_1_6' title='bbox 451 650 591 715; x_wconf 84' lang='lat' dir='ltr'><strong>crastino</strong></span> <span class='ocrx_word' id='word_1_7' title='bbox 608 650 718 718; x_wconf 86' lang='lat' dir='ltr'><strong>Sancti</strong></span> <span class='ocrx_word' id='word_1_8' title='bbox 737 652 920 731; x_wconf 77' lang='lat' dir='ltr'><strong>Michaelis,</strong></span> <span class='ocrx_word' id='word_1_9' title='bbox 943 652 1027 717; x_wconf 88' lang='lat' dir='ltr'><strong>sicut</strong></span> <span class='ocrx_word' id='word_1_10' title='bbox 1050 673 1122 717; x_wconf 90' lang='lat' dir='ltr'><strong>mos</strong></span> <span class='ocrx_word' id='word_1_11' title='bbox 1147 661 1208 731; x_wconf 87' lang='lat' dir='ltr'><strong>est,</strong></span> <span class='ocrx_word' id='word_1_12' title='bbox 1230 672 1304 737; x_wconf 91' lang='lat' dir='ltr'><strong>pre·</strong></span> 
     </span>
     <span class='ocr_line' id='line_1_3' title="bbox 156 752 1302 838; baseline 0.001 -21"><span class='ocrx_word' id='word_1_13' title='bbox 156 754 273 817; x_wconf 85' lang='lat' dir='ltr'><strong>sentati</strong></span> <span class='ocrx_word' id='word_1_14' title='bbox 297 753 383 838; x_wconf 90' lang='lat' dir='ltr'><strong>apud</strong></span> <span class='ocrx_word' id='word_1_15' title='bbox 409 752 741 821; x_wconf 67' lang='lat' dir='ltr'><strong>westmonasterium</strong></span> <span class='ocrx_word' id='word_1_16' title='bbox 767 756 942 821; x_wconf 88' lang='lat' dir='ltr'><strong>baronibus</strong></span> <span class='ocrx_word' id='word_1_17' title='bbox 969 757 1010 821; x_wconf 89' lang='lat' dir='ltr'><strong>de</strong></span> <span class='ocrx_word' id='word_1_18' title='bbox 1034 754 1212 834; x_wconf 87' lang='lat' dir='ltr'><strong>Soaccario,</strong></span> <span class='ocrx_word' id='word_1_19' title='bbox 1235 776 1302 819; x_wconf 91' lang='lat' dir='ltr'><strong>non</strong></span> 
     </span>
     <span class='ocr_line' id='line_1_4' title="bbox 156 855 1302 944; baseline 0.003 -25"><span class='ocrx_word' id='word_1_20' title='bbox 156 855 344 920; x_wconf 87' lang='lat' dir='ltr'><strong>sedentibus</strong></span> <span class='ocrx_word' id='word_1_21' title='bbox 360 856 401 919; x_wconf 90' lang='lat' dir='ltr'><strong>ad</strong></span> <span class='ocrx_word' id='word_1_22' title='bbox 416 856 599 921; x_wconf 85' lang='lat' dir='ltr'><strong>Scaearium</strong></span> <span class='ocrx_word' id='word_1_23' title='bbox 616 858 674 923; x_wconf 93' lang='lat' dir='ltr'><strong>sed</strong></span> <span class='ocrx_word' id='word_1_24' title='bbox 696 860 912 924; x_wconf 83' lang='lat' dir='ltr'><strong>existentibus</strong></span> <span class='ocrx_word' id='word_1_25' title='bbox 926 860 961 923; x_wconf 92' lang='lat' dir='ltr'><strong>in</strong></span> <span class='ocrx_word' id='word_1_26' title='bbox 976 880 1075 944; x_wconf 87' lang='lat' dir='ltr'><strong>parva</strong></span> <span class='ocrx_word' id='word_1_27' title='bbox 1089 879 1214 923; x_wconf 87' lang='lat' dir='ltr'><strong>camera</strong></span> <span class='ocrx_word' id='word_1_28' title='bbox 1239 879 1302 942; x_wconf 91' lang='lat' dir='ltr'><strong>que</strong></span> 
     </span>
     <span class='ocr_line' id='line_1_5' title="bbox 154 958 1302 1045; baseline 0.001 -23"><span class='ocrx_word' id='word_1_29' title='bbox 154 969 205 1022; x_wconf 88' lang='lat' dir='ltr'><strong>est</strong></span> <span class='ocrx_word' id='word_1_30' title='bbox 216 960 311 1041; x_wconf 86' lang='lat' dir='ltr'><strong>juxta</strong></span> <span class='ocrx_word' id='word_1_31' title='bbox 333 958 562 1042; x_wconf 84' lang='lat' dir='ltr'><strong>Receptorium</strong></span> <span class='ocrx_word' id='word_1_32' title='bbox 585 981 687 1044; x_wconf 87' lang='lat' dir='ltr'><strong>prope</strong></span> <span class='ocrx_word' id='word_1_33' title='bbox 710 960 920 1039; x_wconf 67' lang='lat' dir='ltr'><strong>Thamiaiam,</strong></span> <span class='ocrx_word' id='word_1_34' title='bbox 943 972 977 1025; x_wconf 89' lang='lat' dir='ltr'><strong>et</strong></span> <span class='ocrx_word' id='word_1_35' title='bbox 1003 960 1048 1024; x_wconf 95' lang='lat' dir='ltr'><strong>ibi</strong></span> <span class='ocrx_word' id='word_1_36' title='bbox 1069 960 1223 1040; x_wconf 81' lang='lat' dir='ltr'><strong>admissi3</strong></span> <span class='ocrx_word' id='word_1_37' title='bbox 1246 960 1302 1045; x_wconf 89' lang='lat' dir='ltr'><strong>qui</strong></span> 
     </span>
     <span class='ocr_line' id='line_1_6' title="bbox 153 1061 1214 1146; baseline 0.004 -23"><span class='ocrx_word' id='word_1_38' title='bbox 153 1070 377 1124; x_wconf 85' lang='lat' dir='ltr'><strong>remanserunt</strong></span> <span class='ocrx_word' id='word_1_39' title='bbox 391 1061 618 1126; x_wconf 89' lang='lat' dir='ltr'><strong>tantummodo</strong></span> <span class='ocrx_word' id='word_1_40' title='bbox 633 1083 735 1146; x_wconf 89' lang='lat' dir='ltr'><strong>usque</strong></span> <span class='ocrx_word' id='word_1_41' title='bbox 749 1061 791 1126; x_wconf 91' lang='lat' dir='ltr'><strong>ad</strong></span> <span class='ocrx_word' id='word_1_42' title='bbox 807 1063 926 1127; x_wconf 89' lang='lat' dir='ltr'><strong>lestum</strong></span> <span class='ocrx_word' id='word_1_43' title='bbox 942 1062 1054 1127; x_wconf 87' lang='lat' dir='ltr'><strong>Sancti</strong></span> <span class='ocrx_word' id='word_1_44' title='bbox 1073 1062 1214 1127; x_wconf 81' lang='lat' dir='ltr'><strong>Andree.</strong></span> 
     </span>
    </p>

    <p class='ocr_par' dir='ltr' id='par_1_3' title="bbox 150 1161 1523 2067">
     <span class='ocr_line' id='line_1_7' title="bbox 196 1161 1523 1248; baseline -0.002 -21"><span class='ocrx_word' id='word_1_45' title='bbox 196 1164 294 1227; x_wconf 85' lang='lat' dir='ltr'><strong>Anno</strong></span> <span class='ocrx_word' id='word_1_46' title='bbox 317 1164 432 1228; x_wconf 91' lang='lat' dir='ltr'><strong>eodem</strong></span> <span class='ocrx_word' id='word_1_47' title='bbox 454 1163 507 1227; x_wconf 89' lang='lat' dir='ltr'><strong>die</strong></span> <span class='ocrx_word' id='word_1_48' title='bbox 529 1161 662 1228; x_wconf 89' lang='lat' dir='ltr'><strong>Sabbati</strong></span> <span class='ocrx_word' id='word_1_49' title='bbox 686 1174 762 1248; x_wconf 90' lang='lat' dir='ltr'><strong>post</strong></span> <span class='ocrx_word' id='word_1_50' title='bbox 785 1164 905 1229; x_wconf 80' lang='lat' dir='ltr'><strong>festum</strong></span> <span class='ocrx_word' id='word_1_51' title='bbox 931 1165 1165 1229; x_wconf 87' lang='lat' dir='ltr'><strong>Translationis</strong></span> <span class='ocrx_word' id='word_1_52' title='bbox 1190 1164 1301 1230; x_wconf 85' lang='lat' dir='ltr'><strong>Sancti</strong></span> <span class='ocrx_word' id='word_1_53' title='bbox 1314 1179 1349 1225; x_wconf 74' lang='lat' dir='ltr'><strong>os</strong></span> <span class='ocrx_word' id='word_1_54' title='bbox 1364 1181 1523 1226; x_wconf 65' lang='lat' dir='ltr'><strong>manual«-</strong></span> 
     </span>
     <span class='ocr_line' id='line_1_8' title="bbox 155 1244 1523 1370; baseline 0.001 -42"><span class='ocrx_word' id='word_1_55' title='bbox 155 1263 327 1329; x_wconf 80' lang='lat' dir='ltr'><strong>Eadwardi</strong></span> <span class='ocrx_word' id='word_1_56' title='bbox 342 1265 440 1329; x_wconf 84' lang='lat' dir='ltr'><strong>irater</strong></span> <span class='ocrx_word' id='word_1_57' title='bbox 455 1264 629 1344; x_wconf 86' lang='lat' dir='ltr'><strong>Robertus,</strong></span> <span class='ocrx_word' id='word_1_58' title='bbox 645 1265 918 1352; x_wconf 77' lang='lat' dir='ltr'><strong>Archiepiscopus</strong></span> <span class='ocrx_word' id='word_1_59' title='bbox 934 1266 1121 1345; x_wconf 79' lang='lat' dir='ltr'><strong>cantuarie,</strong></span> <span class='ocrx_word' id='word_1_60' title='bbox 1135 1288 1210 1331; x_wconf 89' lang='lat' dir='ltr'><strong>cum</strong></span> <span class='ocrx_word' id='word_1_61' title='bbox 1226 1278 1301 1332; x_wconf 87' lang='lat' dir='ltr'><strong>octo</strong></span> <span class='ocrx_word' id='word_1_62' title='bbox 1313 1244 1523 1370; x_wconf 36' lang='lat' dir='ltr'><strong>mem&amp;</strong></span> 
     </span>
     <span class='ocr_line' id='line_1_9' title="bbox 155 1366 1451 1452; baseline 0.003 -23"><span class='ocrx_word' id='word_1_63' title='bbox 155 1366 328 1452; x_wconf 89' lang='lat' dir='ltr'><strong>Episcopis</strong></span> <span class='ocrx_word' id='word_1_64' title='bbox 343 1366 383 1431; x_wconf 89' lang='lat' dir='ltr'><strong>de</strong></span> <span class='ocrx_word' id='word_1_65' title='bbox 398 1367 607 1452; x_wconf 83' lang='lat' dir='ltr'><strong>suffraganeis</strong></span> <span class='ocrx_word' id='word_1_66' title='bbox 622 1367 701 1446; x_wconf 89' lang='lat' dir='ltr'><strong>suis,</strong></span> <span class='ocrx_word' id='word_1_67' title='bbox 725 1367 760 1431; x_wconf 92' lang='lat' dir='ltr'><strong>in</strong></span> <span class='ocrx_word' id='word_1_68' title='bbox 781 1389 897 1452; x_wconf 81' lang='lat' dir='ltr'><strong>magna</strong></span> <span class='ocrx_word' id='word_1_69' title='bbox 920 1368 993 1432; x_wconf 91' lang='lat' dir='ltr'><strong>aula</strong></span> <span class='ocrx_word' id='word_1_70' title='bbox 1007 1368 1303 1448; x_wconf 85' lang='lat' dir='ltr'><strong>Westmonasterii,</strong></span> <span class='ocrx_word' id='word_1_71' title='bbox 1316 1374 1451 1421; x_wconf 57' lang='lat' dir='ltr'><strong>canum.</strong></span> 
     </span>
     <span class='ocr_line' id='line_1_10' title="bbox 154 1469 1302 1555; baseline 0.002 -22"><span class='ocrx_word' id='word_1_72' title='bbox 154 1469 394 1554; x_wconf 87' lang='lat' dir='ltr'><strong>pontificalibus</strong></span> <span class='ocrx_word' id='word_1_73' title='bbox 417 1470 542 1534; x_wconf 89' lang='lat' dir='ltr'><strong>indutis</strong></span> <span class='ocrx_word' id='word_1_74' title='bbox 565 1470 769 1535; x_wconf 84' lang='lat' dir='ltr'><strong>confirmavit</strong></span> <span class='ocrx_word' id='word_1_75' title='bbox 794 1470 988 1536; x_wconf 81' lang='lat' dir='ltr'><strong>sententiam</strong></span> <span class='ocrx_word' id='word_1_76' title='bbox 1008 1492 1067 1555; x_wconf 90' lang='lat' dir='ltr'><strong>per</strong></span> <span class='ocrx_word' id='word_1_77' title='bbox 1090 1472 1302 1536; x_wconf 80' lang='lat' dir='ltr'><strong>Bonefacium</strong></span> 
     </span>
     <span class='ocr_line' id='line_1_11' title="bbox 153 1572 1303 1659; baseline -0.001 -21"><span class='ocrx_word' id='word_1_78' title='bbox 153 1572 443 1657; x_wconf 83' lang='lat' dir='ltr'><strong>Archiepisoopum</strong></span> <span class='ocrx_word' id='word_1_79' title='bbox 458 1573 718 1657; x_wconf 85' lang='lat' dir='ltr'><strong>predecessorem</strong></span> <span class='ocrx_word' id='word_1_80' title='bbox 735 1594 829 1636; x_wconf 91' lang='lat' dir='ltr'><strong>suum</strong></span> <span class='ocrx_word' id='word_1_81' title='bbox 845 1573 954 1650; x_wconf 89' lang='lat' dir='ltr'><strong>latam,</strong></span> <span class='ocrx_word' id='word_1_82' title='bbox 969 1594 1043 1637; x_wconf 89' lang='lat' dir='ltr'><strong>cum</strong></span> <span class='ocrx_word' id='word_1_83' title='bbox 1053 1573 1107 1657; x_wconf 86' lang='lat' dir='ltr'><strong>xiij</strong></span> <span class='ocrx_word' id='word_1_84' title='bbox 1119 1573 1303 1659; x_wconf 86' lang='lat' dir='ltr'><strong>Episcopis,</strong></span> 
     </span>
     <span class='ocr_line' id='line_1_12' title="bbox 152 1672 1303 1759; baseline 0.003 -23"><span class='ocrx_word' id='word_1_85' title='bbox 152 1673 186 1736; x_wconf 93' lang='lat' dir='ltr'><strong>in</strong></span> <span class='ocrx_word' id='word_1_86' title='bbox 202 1674 314 1738; x_wconf 91' lang='lat' dir='ltr'><strong>eadem</strong></span> <span class='ocrx_word' id='word_1_87' title='bbox 329 1675 412 1752; x_wconf 87' lang='lat' dir='ltr'><strong>aula,</strong></span> <span class='ocrx_word' id='word_1_88' title='bbox 428 1675 512 1740; x_wconf 87' lang='lat' dir='ltr'><strong>sicut</strong></span> <span class='ocrx_word' id='word_1_89' title='bbox 526 1684 742 1759; x_wconf 86' lang='lat' dir='ltr'><strong>prrcnotatum</strong></span> <span class='ocrx_word' id='word_1_90' title='bbox 764 1674 868 1738; x_wconf 91' lang='lat' dir='ltr'><strong>estin</strong></span> <span class='ocrx_word' id='word_1_91' title='bbox 890 1674 953 1739; x_wconf 91' lang='lat' dir='ltr'><strong>hoc</strong></span> <span class='ocrx_word' id='word_1_92' title='bbox 974 1672 1078 1752; x_wconf 87' lang='lat' dir='ltr'><strong>libro;</strong></span> <span class='ocrx_word' id='word_1_93' title='bbox 1100 1685 1134 1738; x_wconf 90' lang='lat' dir='ltr'><strong>et</strong></span> <span class='ocrx_word' id='word_1_94' title='bbox 1161 1674 1201 1739; x_wconf 93' lang='lat' dir='ltr'><strong>de</strong></span> <span class='ocrx_word' id='word_1_95' title='bbox 1217 1695 1303 1739; x_wconf 84' lang='lat' dir='ltr'><strong>noro</strong></span> 
     </span>
     <span class='ocr_line' id='line_1_13' title="bbox 153 1775 1303 1862; baseline 0.001 -23"><span class='ocrx_word' id='word_1_96' title='bbox 153 1775 445 1840; x_wconf 84' lang='lat' dir='ltr'><strong>excommunicarit</strong></span> <span class='ocrx_word' id='word_1_97' title='bbox 459 1798 574 1842; x_wconf 91' lang='lat' dir='ltr'><strong>omnes</strong></span> <span class='ocrx_word' id='word_1_98' title='bbox 589 1775 673 1855; x_wconf 88' lang='lat' dir='ltr'><strong>illos,</strong></span> <span class='ocrx_word' id='word_1_99' title='bbox 688 1776 743 1862; x_wconf 92' lang='lat' dir='ltr'><strong>qui</strong></span> <span class='ocrx_word' id='word_1_100' title='bbox 765 1777 863 1856; x_wconf 86' lang='lat' dir='ltr'><strong>iacto,</strong></span> <span class='ocrx_word' id='word_1_101' title='bbox 877 1776 1024 1856; x_wconf 88' lang='lat' dir='ltr'><strong>consilio,</strong></span> <span class='ocrx_word' id='word_1_102' title='bbox 1038 1777 1158 1855; x_wconf 80' lang='lat' dir='ltr'><strong>favore,</strong></span> <span class='ocrx_word' id='word_1_103' title='bbox 1173 1776 1303 1855; x_wconf 79' lang='lat' dir='ltr'><strong>auxilio,</strong></span> 
     </span>
     <span class='ocr_line' id='line_1_14' title="bbox 153 1879 1303 1965; baseline 0.002 -23"><span class='ocrx_word' id='word_1_104' title='bbox 153 1901 211 1943; x_wconf 92' lang='lat' dir='ltr'><strong>seu</strong></span> <span class='ocrx_word' id='word_1_105' title='bbox 226 1900 362 1943; x_wconf 89' lang='lat' dir='ltr'><strong>assensu</strong></span> <span class='ocrx_word' id='word_1_106' title='bbox 382 1901 495 1963; x_wconf 89' lang='lat' dir='ltr'><strong>paoem</strong></span> <span class='ocrx_word' id='word_1_107' title='bbox 512 1879 609 1965; x_wconf 76' lang='lat' dir='ltr'><strong>Regis</strong></span> <span class='ocrx_word' id='word_1_108' title='bbox 624 1891 658 1944; x_wconf 88' lang='lat' dir='ltr'><strong>et</strong></span> <span class='ocrx_word' id='word_1_109' title='bbox 672 1880 763 1965; x_wconf 80' lang='lat' dir='ltr'><strong>regni</strong></span> <span class='ocrx_word' id='word_1_110' title='bbox 778 1880 860 1945; x_wconf 89' lang='lat' dir='ltr'><strong>clam</strong></span> <span class='ocrx_word' id='word_1_111' title='bbox 876 1880 928 1945; x_wconf 87' lang='lat' dir='ltr'><strong>vel</strong></span> <span class='ocrx_word' id='word_1_112' title='bbox 951 1890 1062 1965; x_wconf 87' lang='lat' dir='ltr'><strong>aperte</strong></span> <span class='ocrx_word' id='word_1_113' title='bbox 1078 1879 1303 1965; x_wconf 82' lang='lat' dir='ltr'><strong>perturbarent</strong></span> 
     </span>
     <span class='ocr_line' id='line_1_15' title="bbox 150 1980 630 2067; baseline 0.004 -21"><span class='ocrx_word' id='word_1_114' title='bbox 150 1980 202 2046; x_wconf 84' lang='lat' dir='ltr'><strong>rel</strong></span> <span class='ocrx_word' id='word_1_115' title='bbox 217 1981 397 2066; x_wconf 85' lang='lat' dir='ltr'><strong>perturbari</strong></span> <span class='ocrx_word' id='word_1_116' title='bbox 411 1993 630 2067; x_wconf 81' lang='lat' dir='ltr'><strong>procurarent.</strong></span> 
     </span>
    </p>

    <p class='ocr_par' dir='ltr' id='par_1_4' title="bbox 150 2084 1450 2478">
     <span class='ocr_line' id='line_1_16' title="bbox 196 2084 1450 2172; baseline 0.003 -25"><span class='ocrx_word' id='word_1_117' title='bbox 196 2084 314 2149; x_wconf 85' lang='lat' dir='ltr'><strong>Postea</strong></span> <span class='ocrx_word' id='word_1_118' title='bbox 336 2093 430 2169; x_wconf 87' lang='lat' dir='ltr'><strong>capta</strong></span> <span class='ocrx_word' id='word_1_119' title='bbox 455 2084 587 2148; x_wconf 83' lang='lat' dir='ltr'><strong>fuerunt</strong></span> <span class='ocrx_word' id='word_1_120' title='bbox 608 2084 689 2149; x_wconf 88' lang='lat' dir='ltr'><strong>retia</strong></span> <span class='ocrx_word' id='word_1_121' title='bbox 715 2084 912 2172; x_wconf 86' lang='lat' dir='ltr'><strong>piscatorum</strong></span> <span class='ocrx_word' id='word_1_122' title='bbox 938 2085 979 2149; x_wconf 90' lang='lat' dir='ltr'><strong>de</strong></span> <span class='ocrx_word' id='word_1_123' title='bbox 1000 2085 1175 2164; x_wconf 76' lang='lat' dir='ltr'><strong>lhamisia,</strong></span> <span class='ocrx_word' id='word_1_124' title='bbox 1197 2097 1231 2149; x_wconf 89' lang='lat' dir='ltr'><strong>et</strong></span> <span class='ocrx_word' id='word_1_125' title='bbox 1250 2086 1302 2150; x_wconf 92' lang='lat' dir='ltr'><strong>die</strong></span> <span class='ocrx_word' id='word_1_126' title='bbox 1316 2105 1351 2152; x_wconf 67' lang='lat' dir='ltr'><strong>ue</strong></span> <span class='ocrx_word' id='word_1_127' title='bbox 1361 2105 1450 2151; x_wconf 71' lang='lat' dir='ltr'><strong>mum.</strong></span> 
     </span>
     <span class='ocr_line' id='line_1_17' title="bbox 151 2187 1302 2266; baseline 0.002 -16"><span class='ocrx_word' id='word_1_128' title='bbox 151 2187 247 2251; x_wconf 89' lang='lat' dir='ltr'><strong>Lune</strong></span> <span class='ocrx_word' id='word_1_129' title='bbox 266 2197 342 2251; x_wconf 87' lang='lat' dir='ltr'><strong>ante</strong></span> <span class='ocrx_word' id='word_1_130' title='bbox 368 2189 488 2251; x_wconf 79' lang='lat' dir='ltr'><strong>festum</strong></span> <span class='ocrx_word' id='word_1_131' title='bbox 504 2187 614 2252; x_wconf 87' lang='lat' dir='ltr'><strong>Sancti</strong></span> <span class='ocrx_word' id='word_1_132' title='bbox 638 2188 726 2254; x_wconf 89' lang='lat' dir='ltr'><strong>Luce</strong></span> <span class='ocrx_word' id='word_1_133' title='bbox 746 2188 886 2253; x_wconf 89' lang='lat' dir='ltr'><strong>adducta</strong></span> <span class='ocrx_word' id='word_1_134' title='bbox 907 2188 948 2252; x_wconf 92' lang='lat' dir='ltr'><strong>ad</strong></span> <span class='ocrx_word' id='word_1_135' title='bbox 972 2187 1180 2266; x_wconf 86' lang='lat' dir='ltr'><strong>Gildhallam,</strong></span> <span class='ocrx_word' id='word_1_136' title='bbox 1202 2199 1236 2254; x_wconf 87' lang='lat' dir='ltr'><strong>et</strong></span> <span class='ocrx_word' id='word_1_137' title='bbox 1257 2189 1302 2254; x_wconf 92' lang='lat' dir='ltr'><strong>ibi</strong></span> 
     </span>
     <span class='ocr_line' id='line_1_18' title="bbox 151 2288 1302 2374; baseline 0.001 -21"><span class='ocrx_word' id='word_1_138' title='bbox 151 2289 333 2372; x_wconf 86' lang='lat' dir='ltr'><strong>adjudicata</strong></span> <span class='ocrx_word' id='word_1_139' title='bbox 341 2313 351 2366; x_wconf 91' lang='lat'>;</span> <span class='ocrx_word' id='word_1_140' title='bbox 367 2299 401 2354; x_wconf 86' lang='lat' dir='ltr'><strong>et</strong></span> <span class='ocrx_word' id='word_1_141' title='bbox 415 2288 490 2373; x_wconf 91' lang='lat' dir='ltr'><strong>quia</strong></span> <span class='ocrx_word' id='word_1_142' title='bbox 504 2311 571 2352; x_wconf 92' lang='lat' dir='ltr'><strong>non</strong></span> <span class='ocrx_word' id='word_1_143' title='bbox 586 2299 678 2353; x_wconf 89' lang='lat' dir='ltr'><strong>erant</strong></span> <span class='ocrx_word' id='word_1_144' title='bbox 691 2289 805 2374; x_wconf 83' lang='lat' dir='ltr'><strong>legalia</strong></span> <span class='ocrx_word' id='word_1_145' title='bbox 819 2290 998 2355; x_wconf 88' lang='lat' dir='ltr'><strong>secundum</strong></span> <span class='ocrx_word' id='word_1_146' title='bbox 1014 2299 1136 2354; x_wconf 88' lang='lat' dir='ltr'><strong>statuta</strong></span> <span class='ocrx_word' id='word_1_147' title='bbox 1152 2289 1302 2355; x_wconf 82' lang='lat' dir='ltr'><strong>Civitatis</strong></span> 
     </span>
     <span class='ocr_line' id='line_1_19' title="bbox 150 2393 955 2478; baseline 0 -22"><span class='ocrx_word' id='word_1_148' title='bbox 150 2393 282 2457; x_wconf 79' lang='lat' dir='ltr'><strong>fuerunt</strong></span> <span class='ocrx_word' id='word_1_149' title='bbox 296 2393 330 2456; x_wconf 93' lang='lat' dir='ltr'><strong>in</strong></span> <span class='ocrx_word' id='word_1_150' title='bbox 345 2393 523 2477; x_wconf 84' lang='lat' dir='ltr'><strong>Westehep</strong></span> <span class='ocrx_word' id='word_1_151' title='bbox 539 2404 689 2470; x_wconf 88' lang='lat' dir='ltr'><strong>cremata,</strong></span> <span class='ocrx_word' id='word_1_152' title='bbox 705 2415 840 2458; x_wconf 89' lang='lat' dir='ltr'><strong>numero</strong></span> <span class='ocrx_word' id='word_1_153' title='bbox 856 2393 955 2478; x_wconf 79' lang='lat' dir='ltr'><strong>xxvij.</strong></span> 
     </span>
    </p>

    <p class='ocr_par' dir='ltr' id='par_1_5' title="bbox 147 2494 1303 3399">
     <span class='ocr_line' id='line_1_20' title="bbox 195 2494 1303 2582; baseline 0.003 -24"><span class='ocrx_word' id='word_1_154' title='bbox 195 2494 270 2558; x_wconf 90' lang='lat' dir='ltr'><strong>Hoc</strong></span> <span class='ocrx_word' id='word_1_155' title='bbox 285 2516 381 2573; x_wconf 88' lang='lat' dir='ltr'><strong>anno,</strong></span> <span class='ocrx_word' id='word_1_156' title='bbox 396 2504 471 2558; x_wconf 85' lang='lat' dir='ltr'><strong>ante</strong></span> <span class='ocrx_word' id='word_1_157' title='bbox 486 2495 606 2559; x_wconf 81' lang='lat' dir='ltr'><strong>festum</strong></span> <span class='ocrx_word' id='word_1_158' title='bbox 622 2495 734 2560; x_wconf 88' lang='lat' dir='ltr'><strong>Sancti</strong></span> <span class='ocrx_word' id='word_1_159' title='bbox 750 2496 920 2561; x_wconf 85' lang='lat' dir='ltr'><strong>Michaelis</strong></span> <span class='ocrx_word' id='word_1_160' title='bbox 944 2507 979 2561; x_wconf 89' lang='lat' dir='ltr'><strong>et</strong></span> <span class='ocrx_word' id='word_1_161' title='bbox 999 2505 1076 2581; x_wconf 88' lang='lat' dir='ltr'><strong>post</strong></span> <span class='ocrx_word' id='word_1_162' title='bbox 1099 2496 1231 2575; x_wconf 79' lang='lat' dir='ltr'><strong>festum,</strong></span> <span class='ocrx_word' id='word_1_163' title='bbox 1245 2519 1303 2582; x_wconf 88' lang='lat' dir='ltr'><strong>per</strong></span> 
     </span>
     <span class='ocr_line' id='line_1_21' title="bbox 150 2596 1302 2685; baseline 0.003 -23"><span class='ocrx_word' id='word_1_164' title='bbox 150 2607 339 2682; x_wconf 89' lang='lat' dir='ltr'><strong>preceptum</strong></span> <span class='ocrx_word' id='word_1_165' title='bbox 355 2596 594 2661; x_wconf 80' lang='lat' dir='ltr'><strong>constabularii</strong></span> <span class='ocrx_word' id='word_1_166' title='bbox 609 2598 650 2662; x_wconf 90' lang='lat' dir='ltr'><strong>de</strong></span> <span class='ocrx_word' id='word_1_167' title='bbox 673 2599 815 2678; x_wconf 87' lang='lat' dir='ltr'><strong>Dovere,</strong></span> <span class='ocrx_word' id='word_1_168' title='bbox 829 2609 963 2685; x_wconf 79' lang='lat' dir='ltr'><strong>propter</strong></span> <span class='ocrx_word' id='word_1_169' title='bbox 984 2599 1118 2682; x_wconf 84' lang='lat' dir='ltr'><strong>injurias</strong></span> <span class='ocrx_word' id='word_1_170' title='bbox 1140 2621 1220 2683; x_wconf 87' lang='lat' dir='ltr'><strong>quas</strong></span> <span class='ocrx_word' id='word_1_171' title='bbox 1236 2599 1302 2665; x_wconf 86' lang='lat' dir='ltr'><strong>Co·</strong></span> 
     </span>
     <span class='ocr_line' id='line_1_22' title="bbox 150 2699 1302 2787; baseline 0.003 -23"><span class='ocrx_word' id='word_1_172' title='bbox 150 2699 278 2764; x_wconf 86' lang='lat' dir='ltr'><strong>mitissa</strong></span> <span class='ocrx_word' id='word_1_173' title='bbox 293 2699 442 2764; x_wconf 78' lang='lat' dir='ltr'><strong>Plandrie</strong></span> <span class='ocrx_word' id='word_1_174' title='bbox 456 2699 576 2765; x_wconf 84' lang='lat' dir='ltr'><strong>iecerat</strong></span> <span class='ocrx_word' id='word_1_175' title='bbox 596 2699 828 2767; x_wconf 83' lang='lat' dir='ltr'><strong>mercatoribus</strong></span> <span class='ocrx_word' id='word_1_176' title='bbox 842 2701 968 2787; x_wconf 77' lang='lat' dir='ltr'><strong>Anglie,</strong></span> <span class='ocrx_word' id='word_1_177' title='bbox 986 2702 1071 2767; x_wconf 88' lang='lat' dir='ltr'><strong>sicut</strong></span> <span class='ocrx_word' id='word_1_178' title='bbox 1093 2712 1302 2787; x_wconf 87' lang='lat' dir='ltr'><strong>prenotatum</strong></span> 
     </span>
     <span class='ocr_line' id='line_1_23' title="bbox 151 2800 1301 2889; baseline 0.003 -23"><span class='ocrx_word' id='word_1_179' title='bbox 151 2803 251 2866; x_wconf 85' lang='lat' dir='ltr'><strong>estin</strong></span> <span class='ocrx_word' id='word_1_180' title='bbox 266 2802 329 2866; x_wconf 92' lang='lat' dir='ltr'><strong>hoc</strong></span> <span class='ocrx_word' id='word_1_181' title='bbox 343 2800 437 2880; x_wconf 89' lang='lat' dir='ltr'><strong>libro,</strong></span> <span class='ocrx_word' id='word_1_182' title='bbox 453 2801 602 2867; x_wconf 88' lang='lat' dir='ltr'><strong>homines</strong></span> <span class='ocrx_word' id='word_1_183' title='bbox 618 2803 659 2867; x_wconf 91' lang='lat' dir='ltr'><strong>de</strong></span> <span class='ocrx_word' id='word_1_184' title='bbox 670 2802 825 2889; x_wconf 75' lang='lat' dir='ltr'><strong>Quinque</strong></span> <span class='ocrx_word' id='word_1_185' title='bbox 848 2803 1012 2870; x_wconf 89' lang='lat' dir='ltr'><strong>Portubus</strong></span> <span class='ocrx_word' id='word_1_186' title='bbox 1027 2805 1061 2869; x_wconf 89' lang='lat' dir='ltr'><strong>in</strong></span> <span class='ocrx_word' id='word_1_187' title='bbox 1082 2825 1181 2869; x_wconf 89' lang='lat' dir='ltr'><strong>manu</strong></span> <span class='ocrx_word' id='word_1_188' title='bbox 1195 2805 1301 2869; x_wconf 88' lang='lat' dir='ltr'><strong>valida</strong></span> 
     </span>
     <span class='ocr_line' id='line_1_24' title="bbox 149 2903 1301 2992; baseline 0.003 -25"><span class='ocrx_word' id='word_1_189' title='bbox 149 2914 183 2967; x_wconf 90' lang='lat' dir='ltr'><strong>et</strong></span> <span class='ocrx_word' id='word_1_190' title='bbox 197 2914 319 2969; x_wconf 87' lang='lat' dir='ltr'><strong>armata</strong></span> <span class='ocrx_word' id='word_1_191' title='bbox 333 2925 407 2968; x_wconf 90' lang='lat' dir='ltr'><strong>cum</strong></span> <span class='ocrx_word' id='word_1_192' title='bbox 423 2903 561 2968; x_wconf 86' lang='lat' dir='ltr'><strong>naribus</strong></span> <span class='ocrx_word' id='word_1_193' title='bbox 576 2914 610 2969; x_wconf 90' lang='lat' dir='ltr'><strong>et</strong></span> <span class='ocrx_word' id='word_1_194' title='bbox 623 2905 721 2990; x_wconf 82' lang='lat' dir='ltr'><strong>galeis</strong></span> <span class='ocrx_word' id='word_1_195' title='bbox 737 2906 885 2991; x_wconf 91' lang='lat' dir='ltr'><strong>pluribus</strong></span> <span class='ocrx_word' id='word_1_196' title='bbox 900 2906 1132 2992; x_wconf 75' lang='lat' dir='ltr'><strong>navigaverunt</strong></span> <span class='ocrx_word' id='word_1_197' title='bbox 1154 2906 1187 2971; x_wconf 91' lang='lat' dir='ltr'><strong>in</strong></span> <span class='ocrx_word' id='word_1_198' title='bbox 1202 2928 1301 2988; x_wconf 89' lang='lat' dir='ltr'><strong>mare,</strong></span> 
     </span>
     <span class='ocr_line' id='line_1_25' title="bbox 147 3008 1299 3093; baseline 0.004 -22"><span class='ocrx_word' id='word_1_199' title='bbox 147 3020 181 3071; x_wconf 90' lang='lat' dir='ltr'><strong>et</strong></span> <span class='ocrx_word' id='word_1_200' title='bbox 196 3029 310 3074; x_wconf 87' lang='lat' dir='ltr'><strong>omnes</strong></span> <span class='ocrx_word' id='word_1_201' title='bbox 330 3028 429 3073; x_wconf 84' lang='lat' dir='ltr'><strong>nares</strong></span> <span class='ocrx_word' id='word_1_202' title='bbox 445 3030 524 3093; x_wconf 83' lang='lat' dir='ltr'><strong>quas</strong></span> <span class='ocrx_word' id='word_1_203' title='bbox 545 3008 741 3074; x_wconf 88' lang='lat' dir='ltr'><strong>invenerunt</strong></span> <span class='ocrx_word' id='word_1_204' title='bbox 765 3009 963 3075; x_wconf 84' lang='lat' dir='ltr'><strong>velificantes</strong></span> <span class='ocrx_word' id='word_1_205' title='bbox 987 3032 1063 3074; x_wconf 91' lang='lat' dir='ltr'><strong>cum</strong></span> <span class='ocrx_word' id='word_1_206' title='bbox 1086 3010 1168 3075; x_wconf 86' lang='lat' dir='ltr'><strong>lanis</strong></span> <span class='ocrx_word' id='word_1_207' title='bbox 1183 3032 1299 3076; x_wconf 83' lang='lat' dir='ltr'><strong>versus</strong></span> 
     </span>
     <span class='ocr_line' id='line_1_26' title="bbox 150 3107 1300 3189; baseline 0.003 -15"><span class='ocrx_word' id='word_1_208' title='bbox 150 3107 333 3174; x_wconf 78' lang='lat' dir='ltr'><strong>Mandriam</strong></span> <span class='ocrx_word' id='word_1_209' title='bbox 348 3119 582 3189; x_wconf 84' lang='lat' dir='ltr'><strong>arestarerunt,</strong></span> <span class='ocrx_word' id='word_1_210' title='bbox 597 3120 631 3175; x_wconf 89' lang='lat' dir='ltr'><strong>et</strong></span> <span class='ocrx_word' id='word_1_211' title='bbox 645 3111 755 3177; x_wconf 89' lang='lat' dir='ltr'><strong>omnia</strong></span> <span class='ocrx_word' id='word_1_212' title='bbox 775 3110 862 3176; x_wconf 85' lang='lat' dir='ltr'><strong>hona</strong></span> <span class='ocrx_word' id='word_1_213' title='bbox 884 3111 1132 3176; x_wconf 79' lang='lat' dir='ltr'><strong>Plandrensium</strong></span> <span class='ocrx_word' id='word_1_214' title='bbox 1156 3111 1192 3176; x_wconf 89' lang='lat' dir='ltr'><strong>in</strong></span> <span class='ocrx_word' id='word_1_215' title='bbox 1211 3134 1300 3178; x_wconf 88' lang='lat' dir='ltr'><strong>mare</strong></span> 
     </span>
     <span class='ocr_line' id='line_1_27' title="bbox 147 3213 1300 3299; baseline 0.003 -24"><span class='ocrx_word' id='word_1_216' title='bbox 147 3213 280 3276; x_wconf 80' lang='lat' dir='ltr'><strong>inventa</strong></span> <span class='ocrx_word' id='word_1_217' title='bbox 294 3222 461 3296; x_wconf 80' lang='lat' dir='ltr'><strong>ceperunt</strong></span> <span class='ocrx_word' id='word_1_218' title='bbox 507 3213 624 3278; x_wconf 89' lang='lat' dir='ltr'><strong>Postea</strong></span> <span class='ocrx_word' id='word_1_219' title='bbox 639 3213 815 3278; x_wconf 89' lang='lat' dir='ltr'><strong>inhibitum</strong></span> <span class='ocrx_word' id='word_1_220' title='bbox 828 3213 892 3279; x_wconf 85' lang='lat' dir='ltr'><strong>fuit</strong></span> <span class='ocrx_word' id='word_1_221' title='bbox 906 3235 965 3298; x_wconf 89' lang='lat' dir='ltr'><strong>per</strong></span> <span class='ocrx_word' id='word_1_222' title='bbox 980 3214 1162 3279; x_wconf 86' lang='lat' dir='ltr'><strong>Dominum</strong></span> <span class='ocrx_word' id='word_1_223' title='bbox 1177 3214 1300 3299; x_wconf 77' lang='lat' dir='ltr'><strong>Regem</strong></span> 
     </span>
     <span class='ocr_line' id='line_1_28' title="bbox 148 3312 845 3399; baseline 0.004 -23"><span class='ocrx_word' id='word_1_224' title='bbox 148 3335 189 3377; x_wconf 94' lang='lat' dir='ltr'><strong>ne</strong></span> <span class='ocrx_word' id='word_1_225' title='bbox 204 3314 310 3397; x_wconf 86' lang='lat' dir='ltr'><strong>aliqua</strong></span> <span class='ocrx_word' id='word_1_226' title='bbox 324 3312 397 3377; x_wconf 87' lang='lat' dir='ltr'><strong>lana</strong></span> <span class='ocrx_word' id='word_1_227' title='bbox 411 3312 583 3378; x_wconf 88' lang='lat' dir='ltr'><strong>duceretur</strong></span> <span class='ocrx_word' id='word_1_228' title='bbox 597 3323 688 3378; x_wconf 82' lang='lat' dir='ltr'><strong>extra</strong></span> <span class='ocrx_word' id='word_1_229' title='bbox 699 3335 845 3399; x_wconf 77' lang='lat' dir='ltr'><strong>regnum.</strong></span> 
     </span>
    </p>

    <p class='ocr_par' dir='ltr' id='par_1_6' title="bbox 148 3412 1460 3704">
     <span class='ocr_line' id='line_1_29' title="bbox 193 3412 1454 3500; baseline 0.009 -22"><span class='ocrx_word' id='word_1_230' title='bbox 193 3415 292 3491; x_wconf 79' lang='lat' dir='ltr'><strong>lHoc</strong></span> <span class='ocrx_word' id='word_1_231' title='bbox 307 3434 393 3477; x_wconf 88' lang='lat' dir='ltr'><strong>anno</strong></span> <span class='ocrx_word' id='word_1_232' title='bbox 407 3412 443 3476; x_wconf 92' lang='lat' dir='ltr'><strong>in</strong></span> <span class='ocrx_word' id='word_1_233' title='bbox 458 3415 542 3478; x_wconf 79' lang='lat' dir='ltr'><strong>festo</strong></span> <span class='ocrx_word' id='word_1_234' title='bbox 558 3414 711 3500; x_wconf 87' lang='lat' dir='ltr'><strong>Symonis</strong></span> <span class='ocrx_word' id='word_1_235' title='bbox 733 3426 767 3480; x_wconf 87' lang='lat' dir='ltr'><strong>et</strong></span> <span class='ocrx_word' id='word_1_236' title='bbox 786 3413 874 3479; x_wconf 91' lang='lat' dir='ltr'><strong>Jude</strong></span> <span class='ocrx_word' id='word_1_237' title='bbox 896 3415 1000 3479; x_wconf 81' lang='lat' dir='ltr'><strong>iactus</strong></span> <span class='ocrx_word' id='word_1_238' title='bbox 1015 3428 1068 3480; x_wconf 91' lang='lat' dir='ltr'><strong>est</strong></span> <span class='ocrx_word' id='word_1_239' title='bbox 1083 3415 1192 3480; x_wconf 88' lang='lat' dir='ltr'><strong>Maior</strong></span> <span class='ocrx_word' id='word_1_240' title='bbox 1207 3416 1343 3497; x_wconf 64' lang='lat' dir='ltr'><strong>Heu-sa</strong></span> <span class='ocrx_word' id='word_1_241' title='bbox 1357 3440 1412 3498; x_wconf 83' lang='lat' dir='ltr'><strong>raa,</strong></span> <span class='ocrx_word' id='word_1_242' title='bbox 1423 3448 1454 3489; x_wconf 56' lang='grc' dir='ltr'><strong>ν.</strong></span> 
     </span>
     <span class='ocr_line' id='line_1_30' title="bbox 148 3504 1460 3602; baseline 0.003 -20"><span class='ocrx_word' id='word_1_243' title='bbox 148 3518 233 3582; x_wconf 84' lang='lat' dir='ltr'><strong>ricus</strong></span> <span class='ocrx_word' id='word_1_244' title='bbox 248 3516 278 3580; x_wconf 94' lang='lat' dir='ltr'><strong>le</strong></span> <span class='ocrx_word' id='word_1_245' title='bbox 293 3516 436 3601; x_wconf 82' lang='lat' dir='ltr'><strong>Waleys,</strong></span> <span class='ocrx_word' id='word_1_246' title='bbox 453 3527 487 3581; x_wconf 90' lang='lat' dir='ltr'><strong>et</strong></span> <span class='ocrx_word' id='word_1_247' title='bbox 500 3527 625 3602; x_wconf 86' lang='lat' dir='ltr'><strong>postea,</strong></span> <span class='ocrx_word' id='word_1_248' title='bbox 640 3516 735 3581; x_wconf 87' lang='lat' dir='ltr'><strong>tertia</strong></span> <span class='ocrx_word' id='word_1_249' title='bbox 757 3518 808 3581; x_wconf 91' lang='lat' dir='ltr'><strong>die</strong></span> <span class='ocrx_word' id='word_1_250' title='bbox 824 3516 875 3581; x_wconf 84' lang='lat' dir='ltr'><strong>vel</strong></span> <span class='ocrx_word' id='word_1_251' title='bbox 895 3528 1019 3602; x_wconf 87' lang='lat' dir='ltr'><strong>quarta,</strong></span> <span class='ocrx_word' id='word_1_252' title='bbox 1033 3519 1075 3583; x_wconf 83' lang='lat' dir='ltr'><strong>sd</strong></span> <span class='ocrx_word' id='word_1_253' title='bbox 1097 3518 1298 3586; x_wconf 54' lang='lat' dir='ltr'><strong>marium</strong></span> <span class='ocrx_word' id='word_1_254' title='bbox 1315 3504 1348 3551; x_wconf 72' lang='lat'><strong>⁰²</strong></span> <span class='ocrx_word' id='word_1_255' title='bbox 1359 3505 1460 3553; x_wconf 56' lang='lat' dir='ltr'><strong>um</strong></span> 
     </span>
     <span class='ocr_line' id='line_1_31' title="bbox 149 3618 936 3704; baseline 0 -20"><span class='ocrx_word' id='word_1_256' title='bbox 149 3621 316 3685; x_wconf 90' lang='lat' dir='ltr'><strong>Baronum</strong></span> <span class='ocrx_word' id='word_1_257' title='bbox 332 3627 550 3703; x_wconf 81' lang='lat' dir='ltr'><strong>presentatus,</strong></span> <span class='ocrx_word' id='word_1_258' title='bbox 565 3618 739 3696; x_wconf 90' lang='lat' dir='ltr'><strong>admissus,</strong></span> <span class='ocrx_word' id='word_1_259' title='bbox 753 3630 788 3685; x_wconf 88' lang='lat' dir='ltr'><strong>et</strong></span> <span class='ocrx_word' id='word_1_260' title='bbox 798 3621 936 3704; x_wconf 87' lang='lat' dir='ltr'><strong>juratus.</strong></span> 
     </span>
    </p>
   </div>
   <div class='ocr_carea' id='block_1_3' title="bbox 145 3719 1518 4199">
    <p class='ocr_par' dir='ltr' id='par_1_7' title="bbox 145 3719 1518 4120">
     <span class='ocr_line' id='line_1_32' title="bbox 192 3719 1518 3805; baseline 0.007 -19"><span class='ocrx_word' id='word_1_261' title='bbox 192 3722 267 3786; x_wconf 90' lang='lat' dir='ltr'><strong>Hoc</strong></span> <span class='ocrx_word' id='word_1_262' title='bbox 282 3742 368 3785; x_wconf 90' lang='lat' dir='ltr'><strong>anno</strong></span> <span class='ocrx_word' id='word_1_263' title='bbox 384 3719 545 3805; x_wconf 88' lang='lat' dir='ltr'><strong>principes</strong></span> <span class='ocrx_word' id='word_1_264' title='bbox 561 3721 753 3786; x_wconf 89' lang='lat' dir='ltr'><strong>Alemannie</strong></span> <span class='ocrx_word' id='word_1_265' title='bbox 767 3724 851 3787; x_wconf 87' lang='lat' dir='ltr'><strong>circs</strong></span> <span class='ocrx_word' id='word_1_266' title='bbox 862 3723 983 3788; x_wconf 78' lang='lat' dir='ltr'><strong>festum</strong></span> <span class='ocrx_word' id='word_1_267' title='bbox 998 3723 1110 3788; x_wconf 87' lang='lat' dir='ltr'><strong>Sancti</strong></span> <span class='ocrx_word' id='word_1_268' title='bbox 1126 3722 1297 3790; x_wconf 81' lang='lat' dir='ltr'><strong>Michaelis</strong></span> <span class='ocrx_word' id='word_1_269' title='bbox 1312 3743 1347 3791; x_wconf 74' lang='lat' dir='ltr'><strong>u·</strong></span> <span class='ocrx_word' id='word_1_270' title='bbox 1357 3745 1461 3794; x_wconf 57' lang='lat' dir='ltr'><strong>darm</strong></span> <span class='ocrx_word' id='word_1_271' title='bbox 1471 3747 1518 3794; x_wconf 77' lang='lat'><strong>1·-</strong></span> 
     </span>
     <span class='ocr_line' id='line_1_33' title="bbox 146 3811 1431 3912; baseline 0.003 -22"><span class='ocrx_word' id='word_1_272' title='bbox 146 3824 349 3910; x_wconf 88' lang='lat' dir='ltr'><strong>preteritum,</strong></span> <span class='ocrx_word' id='word_1_273' title='bbox 373 3822 414 3887; x_wconf 89' lang='lat' dir='ltr'><strong>ad</strong></span> <span class='ocrx_word' id='word_1_274' title='bbox 438 3844 520 3908; x_wconf 88' lang='lat' dir='ltr'><strong>quos</strong></span> <span class='ocrx_word' id='word_1_275' title='bbox 546 3823 667 3888; x_wconf 90' lang='lat' dir='ltr'><strong>scilicet</strong></span> <span class='ocrx_word' id='word_1_276' title='bbox 690 3825 832 3909; x_wconf 88' lang='lat' dir='ltr'><strong>pertinet</strong></span> <span class='ocrx_word' id='word_1_277' title='bbox 855 3826 969 3891; x_wconf 85' lang='lat' dir='ltr'><strong>electio</strong></span> <span class='ocrx_word' id='word_1_278' title='bbox 993 3826 1213 3912; x_wconf 84' lang='lat' dir='ltr'><strong>Imperatoris,</strong></span> <span class='ocrx_word' id='word_1_279' title='bbox 1234 3828 1298 3894; x_wconf 86' lang='lat' dir='ltr'><strong>ele·</strong></span> <span class='ocrx_word' id='word_1_280' title='bbox 1308 3811 1431 3871; x_wconf 58' lang='grc' dir='ltr'><strong>Μ·</strong></span> 
     </span>
     <span class='ocr_line' id='line_1_34' title="bbox 145 3927 1298 4014; baseline 0.006 -24"><span class='ocrx_word' id='word_1_281' title='bbox 145 3938 264 4014; x_wconf 81' lang='lat' dir='ltr'><strong>gerunt</strong></span> <span class='ocrx_word' id='word_1_282' title='bbox 301 3928 462 4011; x_wconf 85' lang='lat' dir='ltr'><strong>quendam</strong></span> <span class='ocrx_word' id='word_1_283' title='bbox 501 3927 683 4011; x_wconf 88' lang='lat' dir='ltr'><strong>Principem</strong></span> <span class='ocrx_word' id='word_1_284' title='bbox 713 3929 916 4009; x_wconf 81' lang='lat' dir='ltr'><strong>Alemannie,</strong></span> <span class='ocrx_word' id='word_1_285' title='bbox 957 3930 1130 3996; x_wconf 81' lang='lat' dir='ltr'><strong>Radulfum</strong></span> <span class='ocrx_word' id='word_1_286' title='bbox 1166 3932 1298 3997; x_wconf 87' lang='lat' dir='ltr'><strong>nomine</strong></span> 
     </span>
     <span class='ocr_line' id='line_1_35' title="bbox 147 4030 1297 4120; baseline 0.004 -25"><span class='ocrx_word' id='word_1_287' title='bbox 147 4032 188 4096; x_wconf 92' lang='lat' dir='ltr'><strong>de</strong></span> <span class='ocrx_word' id='word_1_288' title='bbox 208 4031 451 4109; x_wconf 89' lang='lat' dir='ltr'><strong>Hanesheruth,</strong></span> <span class='ocrx_word' id='word_1_289' title='bbox 465 4030 522 4115; x_wconf 87' lang='lat' dir='ltr'><strong>qui</strong></span> <span class='ocrx_word' id='word_1_290' title='bbox 543 4031 626 4096; x_wconf 73' lang='lat' dir='ltr'><strong>infra</strong></span> <span class='ocrx_word' id='word_1_291' title='bbox 647 4032 787 4098; x_wconf 88' lang='lat' dir='ltr'><strong>eundem</strong></span> <span class='ocrx_word' id='word_1_292' title='bbox 812 4054 957 4099; x_wconf 87' lang='lat' dir='ltr'><strong>mensem</strong></span> <span class='ocrx_word' id='word_1_293' title='bbox 980 4033 1021 4099; x_wconf 84' lang='lat' dir='ltr'><strong>ab</strong></span> <span class='ocrx_word' id='word_1_294' title='bbox 1043 4034 1297 4120; x_wconf 80' lang='lat' dir='ltr'><strong>Aschiepiacopo</strong></span> 
     </span>
    </p>

    <p class='ocr_par' dir='ltr' id='par_1_8' title="bbox 191 4153 1080 4199">
     <span class='ocr_line' id='line_1_36' title="bbox 191 4153 1080 4199; baseline 0.002 -2"><span class='ocrx_word' id='word_1_295' title='bbox 191 4153 304 4198; x_wconf 74' lang='lat' dir='ltr'><strong>enisu.</strong></span> <span class='ocrx_word' id='word_1_296' title='bbox 330 4155 403 4198; x_wconf 83' lang='lat' dir='ltr'><strong>soc.</strong></span> <span class='ocrx_word' id='word_1_297' title='bbox 1058 4158 1080 4199; x_wconf 77' lang='lat' dir='ltr'><strong>r</strong></span> 
     </span>
    </p>
   </div>
   <div class='ocr_carea' id='block_1_4' title="bbox 0 0 1774 4830">
    <p class='ocr_par' dir='ltr' id='par_1_9' title="bbox 0 0 1774 4830">
     <span class='ocr_line' id='line_1_37' title="bbox 0 0 1774 4830; baseline 0 4"><span class='ocrx_word' id='word_1_298' title='bbox 0 0 1774 4830; x_wconf 95' lang='lat' dir='ltr'><strong> </strong></span> 
     </span>
    </p>
   </div>
  </div>
 </body>
</html>
