3540 4830
535 502 579 553 ist)
895 506 1054 553 cniinrcs
1083 508 1257 551 aaronis
1284 508 1328 551 ιτ

535 662 688 725 facientes
703 658 950 745 depredationes
974 660 1007 722 in
1024 659 1165 721 Cis-itate
1185 672 1217 721 et
1238 670 1339 722 extra.
1385 658 1482 725 Unde
1497 658 1603 723 nsum
1624 658 1690 723 luit

536 763 683 840 Civibus,
698 761 785 846 quod
811 762 873 845 ipsi
895 783 960 823 non
984 760 1139 824 deberent
1161 760 1318 845 equaliter
1333 762 1450 845 puniri,
1474 773 1508 826 et
1531 760 1693 845 rogabunt

539 868 658 947 llegern
681 878 714 927 ct
733 862 902 925 eonsilium
924 885 1032 939 suurn,
1052 864 1139 948 quod
1155 862 1291 947 quilibet
1305 886 1418 929 eorum
1438 878 1549 949 posset
1572 886 1632 951 per
1655 886 1692 929 se

536 968 633 1030 tinem
657 968 759 1029 faeere
774 988 833 1050 pro
849 966 1102 1047 transgressione
1123 988 1191 1041 sua,
1213 978 1247 1029 et
1269 965 1355 1049 quod
1372 966 1489 1051 singuli
1507 966 1691 1031 secundum

537 1072 653 1135 delicta
669 1072 870 1155 punirentur.
916 1069 1016 1135 (luod
1031 1092 1221 1133 eoncessum
1237 1082 1289 1133 est
1303 1070 1361 1147 eis,
1377 1068 1434 1133 sed
1450 1090 1515 1133 non
1536 1068 1627 1133 renit
1649 1066 1693 1133 sd

536 1175 698 1237 ellectum.

583 1278 709 1351 Postea,
725 1276 776 1338 die
793 1274 909 1337 Martis
934 1274 1082 1358 proximo
1109 1286 1184 1358 post
1210 1272 1330 1337 festum
1350 1274 1460 1337 Sancti
1484 1272 1623 1347 Niceten
1639 1292 1693 1337 re·

536 1379 632 1441 cessit
662 1379 730 1441 Rex
751 1376 1074 1440 all'estmonasterio
1089 1398 1201 1439 sersus
1218 1376 1510 1461 Norbamptonanr,
1524 1386 1558 1441 et
1571 1376 1693 1439 eodem

535 1480 586 1544 die
611 1480 684 1543 iacti
708 1492 784 1542 sunt
811 1478 986 1542 senescalli
1010 1478 1162 1541 ‹lorninos
1176 1478 1346 1543 dobannes
1361 1480 1402 1543 de
1418 1480 1448 1543 la
1470 1478 1575 1545 Linde
1593 1476 1693 1543 mita

533 1594 566 1645 et
580 1582 748 1645 dobannes
766 1581 956 1645 ll'alerasen
972 1580 1118 1657 clericus,
1140 1580 1259 1665 quibus
1274 1582 1391 1646 tradita
1405 1594 1456 1648 est
1470 1582 1582 1647 Turris
1598 1580 1692 1647 lion·

532 1685 711 1748 (initiorum.
757 1684 882 1747 Eodem
907 1684 959 1747 die
985 1695 1143 1747 venerunt
1167 1684 1254 1769 apud
1270 1684 1597 1749 westmonasterium
1613 1682 1693 1769 plus

532 1811 627 1873 <quum
644 1787 756 1871 viginti
782 1798 920 1870 quatuor
941 1786 981 1849 de
1011 1784 1218 1849 validioribus
1245 1786 1394 1851 Civitatis
1410 1810 1468 1873 per
1482 1786 1693 1851 summoniti·

532 1913 639 1965 onem,
654 1890 707 1973 qui
725 1911 838 1951 ‹iniries
846 1890 1037 1972 juraverunt
1052 1909 1161 1951 coram
1171 1888 1306 1951 oonsilio
1323 1890 1456 1953 Domini
1474 1890 1582 1973 Regis,
1596 1886 1690 1973 quod

532 1994 594 2077 ipsi
610 1992 747 2054 fideliter
772 2004 806 2053 et
831 1991 921 2053 salso
941 1990 1142 2053 custodirent
1160 1990 1333 2053 Civitatem
1356 1992 1397 2053 ad
1417 2014 1501 2075 opus
1515 2012 1625 2065 suurn,
1639 1990 1694 2055 dl·

532 2107 625 2159 cente
641 2094 773 2155 domino
792 2093 916 2175 ltogero
932 2093 971 2155 de
985 2092 1158 2169 laeilrurne,
1173 2094 1260 2177 quod
1279 2093 1439 2158 Dominus
1463 2095 1530 2157 Rex
1546 2092 1694 2157 tradide-

533 2210 579 2259 rat
590 2196 636 2259 eis
648 2195 823 2257 Civitatem
836 2216 927 2258 suani
937 2194 978 2257 ad
990 2194 1236 2259 custodiendam
1249 2193 1310 2257 sub
1321 2195 1474 2280 predictis
1483 2194 1692 2260 Serreaeallis-

578 2297 842 2369 Memorandurn‚
852 2297 940 2382 quod
956 2311 1103 2383 tempore
1119 2319 1184 2382 quo
1201 2296 1325 2359 Civitas
1342 2300 1451 2383 posuit
1463 2320 1498 2361 se
1513 2297 1547 2361 in
1563 2296 1686 2363 miscri-

534 2410 642 2473 cordia
659 2408 791 2471 Domini
817 2408 925 2489 Regis.
940 2406 1148 2493 quamplures
1168 2407 1208 2471 de
1226 2405 1377 2479 Civitate,
1392 2402 1447 2485 qui
1468 2399 1568 2485 gratis
1587 2400 1693 2465 adhe·

534 2524 645 2575 serunt
662 2512 781 2574 Comiti
801 2512 987 2585 leicestrie,
1009 2509 1164 2573 facientes
1176 2508 1424 2593 depredationes
1438 2514 1472 2567 et
1487 2500 1589 2565 multa
1604 2502 1693 2567 malt

535 2616 568 2677 in
585 2614 724 2676 Ciritute
734 2626 767 2677 et
782 2626 883 2684 extra.
895 2614 948 2695 qui
963 2612 1164 2695 temporibus
1177 2611 1312 2697 predicti
1326 2606 1472 2681 Maioris,
1487 2618 1692 2671 vocantem

538 2716 754 2777 Cornmunnm
784 2715 944 2789 Civitatis,
969 2714 1152 2777 habuerunt
1178 2714 1315 2798 primam
1336 2732 1449 2773 vocem
1475 2707 1508 2771 in
1534 2706 1693 2785 civitate,

538 2816 746 2897 blagriatibus
763 2816 912 2879 t'iviuris
935 2838 1050 2900 parum
1074 2837 1172 2901 super
1191 2815 1252 2879 boe
1274 2813 1442 2891 consultis,
1457 2822 1638 2897 posuerunt
1653 2830 1693 2877 se

536 2922 569 2983 in
586 2921 704 3001 lugam.

581 3020 843 3095 Mernorandum,
855 3019 887 3081 in
904 3019 1084 3103 septimana
1101 3019 1250 3084 Natlialis
1268 3021 1496 3085 llorriinianno
1510 3016 1640 3093 eodem,
1656 3018 1692 3085 in

536 3124 698 3209 presentia
709 3123 831 3186 domini
846 3123 961 3205 llogeri
972 3122 1011 3185 de
1025 3122 1198 3189 Leiburne.
1210 3135 1241 3186 et
1256 3122 1387 3187 liuberti
1401 3122 1584 3195 tvaim-en,
1596 3120 1693 3185 missi

536 3252 554 3290 a
573 3227 714 3290 llomino
738 3227 835 3305 Rege,
851 3239 929 3289 tnnc
947 3226 1107 3290 existente
1128 3227 1214 3310 apud
1232 3226 1518 3295 Northamtonam,
1540 3222 1693 3289 lecerunt

536 3332 633 3393 Cives
650 3328 746 3391 tinem
764 3350 876 3391 sersus
900 3330 1077 3393 llominum
1100 3330 1219 3411 Regem
1247 3352 1306 3415 pro
1322 3328 1435 3413 viginti
1461 3325 1547 3391 mille
1571 3326 1693 3391 marcis

536 3432 763 3509 sterlingorum
789 3454 848 3515 pro
871 3433 1023 3496 onnnbus
1053 3432 1363 3513 transgressionibus
1385 3446 1417 3493 et
1441 3428 1632 3493 excessibus
1656 3430 1693 3495 in

536 3534 719 3597 turbatione
736 3534 822 3613 regni
839 3536 885 3597 eis
907 3536 1068 3621 impositis
1082 3562 1091 3613 ;
1115 3536 1199 3599 unde
1218 3538 1286 3621 ipse
1303 3534 1377 3599 lecit
1392 3535 1440 3597 eis
1455 3546 1576 3597 cartam
1593 3554 1693 3599 sum

536 3638 568 3699 in
587 3638 689 3698 lorrna
705 3636 897 3719 subscripta.

625 3739 745 3801 Littera
765 3740 895 3802 llornini
915 3741 1021 3823 Regis,
1037 3762 1095 3825 per
1105 3762 1184 3824 quas
1200 3740 1322 3804 remisit
1341 3740 1476 3804 Civibus
1492 3736 1696 3823 indignatio·

665 3866 738 3905 nem
755 3865 857 3906 suurn.

582 3943 742 4006 ilenricus
760 3944 819 4006 llei
840 3945 940 4027 gratio
960 3945 1026 4007 iles
1044 3944 1169 4023 ,lnglie,
1185 3954 1236 4008 ire.
1252 3946 1403 4009 ommbus
1420 3944 1620 4021 bominibus,
1636 3956 1696 4033 gc,

536 4044 682 4108 salutern.
726 4046 843 4109 Sciatis
863 4046 950 4131 quod
965 4068 1023 4131 per
1038 4046 1136 4111 tinem
1153 4048 1266 4133 viginti
1282 4050 1369 4115 nulle
1385 4068 1575 4127 aramum,
1588 4070 1696 4133 quem
