3540 4830
472 444 515 502 50
838 456 1000 502 cnosson
1026 456 1202 503 ussosurt
1228 456 1274 501 ss

473 606 709 693 predecessoris
724 606 785 686 sui,
807 606 863 691 qui
885 618 981 672 sntes
1002 605 1185 673 sbsolrerst
1199 607 1306 693 ipsum
1323 605 1445 689 Regem
1459 614 1494 669 et
1506 624 1626 669 omnes

473 709 546 771 illos
572 708 614 772 de
636 708 833 792 juramento,
852 708 940 793 quod
959 708 1102 773 fecerent
1128 709 1162 772 in
1187 707 1403 773 Periismento
1428 706 1469 771 de
1492 704 1627 770 Osonis

474 811 506 873 io
524 809 586 874 hoc
601 808 708 873 rotulo
723 820 906 893 prenotsto.
951 810 996 875 Et
1011 810 1100 875 misit
1124 811 1194 875 Rex
1209 810 1306 875 breve
1322 832 1418 875 suum
1433 830 1492 895 per
1505 828 1625 873 omnes

475 911 634 975 Ciritstes
660 911 787 995 Anglie,
813 911 993 996 precipiens
1018 934 1059 975 ne
1083 912 1156 996 quis
1182 911 1269 975 illem
1291 910 1530 976 sbsolutionem
1544 930 1626 973 oon·

477 1013 660 1090 trediceret‚
674 1023 708 1077 et
722 1013 749 1075 si
764 1013 837 1098 quis
852 1025 966 1077 contre
981 1013 1042 1078 hoc
1057 1014 1091 1076 in
1107 1015 1192 1079 fecto
1204 1013 1256 1077 rel
1276 1015 1311 1078 in
1329 1013 1417 1079 dicto
1432 1013 1536 1079 iecere
1550 1032 1626 1097 prc-

477 1115 643 1193 sumisset,
658 1126 836 1199 osperetur,
852 1136 919 1178 non
935 1113 1128 1179 libereturus
1143 1115 1213 1181 sine
1228 1114 1374 1180 Domino
1389 1114 1489 1200 Rege.

521 1216 595 1281 iloc
620 1237 706 1278 snno
731 1217 800 1280 Rex
826 1215 1018 1281 Aiernsnnie
1040 1216 1174 1281 recessit
1195 1239 1215 1281 s
1237 1217 1418 1282 Londoniis
1431 1214 1535 1300 pridie
1548 1225 1627 1279 sote

475 1318 596 1382 festum
613 1315 724 1381 Sancti
739 1316 870 1394 Album,
885 1318 940 1401 qui
956 1318 1051 1381 tertis
1065 1318 1118 1383 die
1133 1330 1209 1403 post
1224 1318 1454 1383 trsnsiretsrit.

521 1421 638 1485 Postea
665 1419 828 1483 Dominus
853 1419 934 1496 Rex,
960 1417 1013 1481 die
1039 1418 1213 1487 Dominicis
1236 1433 1312 1506 post
1337 1421 1457 1485 festum
1482 1417 1569 1485 Petri
1589 1432 1626 1485 et

479 1521 582 1599 Pauli,
597 1521 685 1606 cepit
699 1520 862 1585 licentium
884 1518 925 1583 sd
948 1540 1075 1584 crucem
1099 1521 1210 1587 Ssncti
1234 1522 1325 1588 Psuii
1346 1520 1575 1587 transimundi
1590 1520 1625 1583 in

479 1625 613 1689 Francis
635 1646 654 1688 s
681 1622 816 1687 Civibus
844 1620 1098 1701 landoniorum,
1118 1635 1153 1689 ot
1179 1624 1212 1688 in
1237 1624 1425 1690 Cratinum
1444 1622 1579 1689 recusit
1605 1644 1628 1687 s

309 1760 335 1787 m
359 1790 384 1816 ,Ι
479 1726 772 1791 westmonasterio
786 1745 899 1787 versus
921 1744 1021 1801 mere,
1035 1736 1068 1788 et
1093 1727 1215 1813 Regino
1239 1749 1315 1793 cum
1336 1748 1388 1803 eo,
1408 1723 1628 1793 existentibus

479 1843 558 1894 tunc
573 1829 728 1914 temporis
744 1827 827 1890 ultro
843 1847 929 1891 more
945 1826 1096 1890 Dominis
1113 1828 1272 1893 Edwsrdo
1294 1840 1329 1893 et
1351 1826 1538 1905 Edmundo,
1552 1824 1630 1891 tiliis

479 1933 614 1997 Domini
642 1931 750 2015 Regis.
795 1928 862 1995 Qui
887 1928 957 1991 Rex
983 1940 1018 1993 et
1045 1929 1169 2013 Regios
1192 1932 1258 1995 cito
1273 1942 1388 2015 postes
1401 1928 1629 1993 trsnsiretsre·

477 2046 563 2098 runt.

521 2134 616 2199 Circe
630 2133 716 2197 idem
731 2144 860 2217 tempus
875 2130 956 2195 obiit
971 2131 1127 2197 Riosrdus
1140 2135 1180 2199 de
1191 2134 1297 2212 Cisre,
1309 2132 1430 2197 Comes
1439 2130 1629 2213 Glosemie,

293 2228 308 2295 ‘.
324 2238 370 2293 ‘'¹'-
410 2238 431 2328 ’ᾗ
445 2230 464 2264 ‘¹
477 2249 511 2303 et
528 2236 689 2301 ilenricus
704 2235 745 2298 de
761 2234 947 2319 Winghsm,
963 2234 1148 2322 Episcopus
1166 2236 1420 2301 landoniorum.

386 2383 393 2395 ·
524 2342 604 2417 Rex,
621 2351 747 2426 postes,
762 2340 848 2423 gravi
865 2338 1053 2405 infirmitste
1075 2342 1235 2427 egrotsrit
1259 2340 1344 2405 circs
1367 2339 1486 2403 festum
1508 2338 1629 2403 Sancte

483 2443 585 2506 Morio
601 2465 712 2506 rnense
728 2442 952 2527 Septenrbris3
975 2464 1034 2526 pro
1060 2464 1124 2526 qus
1149 2441 1336 2507 infirmitste
1359 2463 1483 2507 morem
1503 2443 1579 2507 iecit
1594 2442 1629 2509 in

478 2545 701 2608 trunsmorinis
716 2544 862 2628 portibus
878 2566 980 2627 usque
995 2555 1071 2628 post
1083 2544 1201 2606 festum
1215 2543 1326 2607 Ssncti
1338 2542 1498 2609 Nichohi.

523 2646 617 2708 Circo
641 2646 726 2708 idern
749 2658 879 2728 ternpus
895 2644 1017 2708 electus
1033 2657 1084 2710 est
1107 2645 1139 2708 in
1162 2644 1362 2731 Episcopum
1384 2644 1629 2709 landoniorum

481 2747 636 2809 Ricardus
650 2746 799 2823 Tuebot,
814 2747 966 2811 Decuma
983 2747 1093 2810 Ssncti
1112 2746 1213 2823 Pauli,
1227 2748 1294 2832 qui,
1306 2746 1434 2811 rediens
1448 2768 1468 2810 s
1482 2745 1630 2831 pertibus

479 2848 712 2925 transmarinis,
742 2849 797 2913 ubi
828 2860 1033 2933 presentetus
1071 2848 1134 2914 suit
1172 2850 1318 2915 Domino
1357 2850 1448 2935 Regi,
1477 2850 1567 2915 venit
1596 2850 1631 2914 in

478 2951 648 3033 :inglism3
670 2951 725 3034 qui
749 2962 898 3035 egrotans
921 2952 1035 3015 cecidit
1059 2952 1092 3015 in
1117 2951 1249 3030 lectum,
1269 2964 1304 3017 et
1326 2964 1475 3018 mortuus
1489 2965 1540 3019 est
1553 2966 1632 3019 ente

478 3055 597 3117 festum
613 3054 724 3119 Ssncti
741 3054 911 3117 Michselis
926 3066 960 3118 et
974 3067 1050 3119 ente
1065 3056 1354 3121 consecutionem.

259 3166 372 3241 8³3(ss
379 3164 423 3235 1³¹?-
433 3166 465 3223 ir·-
566 3152 730 3218 Osbcrtus
745 3154 786 3218 de
801 3154 1017 3219 Sutirsolchis.

568 3256 730 3321 Robertus
745 3257 786 3323 de
804 3258 1006 3343 Munpelers.

527 3359 599 3423 lioc
621 3382 707 3424 snno
730 3361 833 3425 iectus
863 3373 914 3425 est
938 3361 1054 3427 iterum
1078 3360 1222 3426 Thomss
1252 3360 1338 3425 iilius
1366 3361 1493 3429 Thomu
1523 3360 1633 3429 Maior

481 3459 734 3525 Diridoniorum.

526 3561 598 3625 lioc
624 3583 721 3633 ontio,
741 3575 815 3645 post
839 3563 958 3625 testum
983 3562 1093 3626 Sancti
1118 3560 1251 3626 Muttini
1274 3562 1358 3627 cirus
1379 3584 1542 3648 raperes,
1556 3586 1632 3631 cum

479 3664 609 3746 quidem
624 3663 645 3726 J
650 3664 752 3727 udcus
769 3664 970 3729 vulnerasset
996 3664 1136 3748 quodsrn
1158 3664 1301 3729 sneiscio
1316 3665 1477 3750 quendem
1493 3666 1634 3731 Christi·

478 3787 578 3829 somn
603 3766 634 3828 in
664 3767 734 3829 rico
761 3767 800 3829 de
828 3767 1059 3843 Comitemne,
1084 3779 1291 3831 occurrerunt
1315 3766 1410 3831 multi
1441 3766 1632 3845 Christisni

479 3866 611 3945 scilicet,
636 3868 880 3932 innumorabilis
901 3870 1054 3953 populus,
1079 3870 1120 3933 sd
1143 3870 1288 3935 sudeam
1311 3871 1632 3956 prosequendum&

479 3968 643 4052 fregerunt
668 3971 876 4056 quempluros
904 3971 1019 4037 domos
1043 3972 1246 4051 Juoeorom
1268 3985 1302 4038 et
1323 3973 1364 4038 de
1387 3973 1450 4041 hoc
1471 3992 1538 4039 non
1551 3994 1632 4039 cou-

257 3242 339 3287 trum
350 3244 409 3273 uns·

256 3296 324 3357 nysi
333 3296 391 3355 ηιμ
400 3296 465 3353 :nyx
