<?xml version="1.0" encoding="UTF-8"?>
<!DOCTYPE html PUBLIC "-//W3C//DTD XHTML 1.0 Transitional//EN"
    "http://www.w3.org/TR/xhtml1/DTD/xhtml1-transitional.dtd">
<html xmlns="http://www.w3.org/1999/xhtml" xml:lang="en" lang="en">
 <head>
  <title>
</title>
<meta http-equiv="Content-Type" content="text/html;charset=utf-8" />
  <meta name='ocr-system' content='tesseract 3.04.00' />
  <meta name='ocr-capabilities' content='ocr_page ocr_carea ocr_par ocr_line ocrx_word'/>
</head>
<body>
  <div class='ocr_page' id='page_1' title='image "./deantiquislegib01fitzgoog_0084.png"; bbox 0 0 3540 4830; ppageno 0'>
   <div class='ocr_carea' id='block_1_1' title="bbox 701 466 1392 532">
    <p class='ocr_par' dir='ltr' id='par_1_1' title="bbox 701 466 1392 532">
     <span class='ocr_line' id='line_1_1' title="bbox 701 466 1392 532; baseline -0.001 -1"><span class='ocrx_word' id='word_1_1' title='bbox 701 486 878 532; x_wconf 70' lang='lat' dir='ltr'>nausson.</span> <span class='ocrx_word' id='word_1_2' title='bbox 1302 466 1392 531; x_wconf 79' lang='lat' dir='ltr'>lxxix</span> 
     </span>
    </p>
   </div>
   <div class='ocr_carea' id='block_1_2' title="bbox 192 635 1412 3708">
    <p class='ocr_par' dir='ltr' id='par_1_2' title="bbox 192 635 1394 1003">
     <span class='ocr_line' id='line_1_2' title="bbox 192 635 1392 716; baseline 0.004 -24"><span class='ocrx_word' id='word_1_3' title='bbox 192 636 347 694; x_wconf 77' lang='lat' dir='ltr'>manerium</span> <span class='ocrx_word' id='word_1_4' title='bbox 362 635 438 695; x_wconf 82' lang='lat' dir='ltr'>valet</span> <span class='ocrx_word' id='word_1_5' title='bbox 460 655 637 713; x_wconf 83' lang='lat' dir='ltr'>perannum</span> <span class='ocrx_word' id='word_1_6' title='bbox 658 639 688 695; x_wconf 90' lang='lat' dir='ltr'>iu</span> <span class='ocrx_word' id='word_1_7' title='bbox 712 638 842 696; x_wconf 77' lang='lat' dir='ltr'>omnibus</span> <span class='ocrx_word' id='word_1_8' title='bbox 869 637 991 696; x_wconf 84' lang='lat' dir='ltr'>exitibus</span> <span class='ocrx_word' id='word_1_9' title='bbox 1017 655 1082 695; x_wconf 90' lang='lat' dir='ltr'>cum</span> <span class='ocrx_word' id='word_1_10' title='bbox 1109 636 1274 706; x_wconf 81' lang='lat' dir='ltr'>redditibus,</span> <span class='ocrx_word' id='word_1_11' title='bbox 1295 641 1392 716; x_wconf 77' lang='lat' dir='ltr'>pratis,</span> 
     </span>
     <span class='ocr_line' id='line_1_3' title="bbox 192 734 1394 811; baseline 0.002 -21"><span class='ocrx_word' id='word_1_12' title='bbox 192 735 322 809; x_wconf 82' lang='lat' dir='ltr'>pasturis,</span> <span class='ocrx_word' id='word_1_13' title='bbox 333 735 456 791; x_wconf 85' lang='lat' dir='ltr'>serviciis</span> <span class='ocrx_word' id='word_1_14' title='bbox 465 743 494 791; x_wconf 90' lang='lat' dir='ltr'>et</span> <span class='ocrx_word' id='word_1_15' title='bbox 507 735 756 793; x_wconf 86' lang='lat' dir='ltr'>consuetudinibus</span> <span class='ocrx_word' id='word_1_16' title='bbox 767 737 795 792; x_wconf 84' lang='lat' dir='ltr'>iv</span> <span class='ocrx_word' id='word_1_17' title='bbox 810 736 905 793; x_wconf 86' lang='lat' dir='ltr'>libras.</span> <span class='ocrx_word' id='word_1_18' title='bbox 947 735 1020 792; x_wconf 89' lang='lat' dir='ltr'>Item</span> <span class='ocrx_word' id='word_1_19' title='bbox 1034 735 1131 792; x_wconf 87' lang='lat' dir='ltr'>dicunt</span> <span class='ocrx_word' id='word_1_20' title='bbox 1144 735 1219 811; x_wconf 90' lang='lat' dir='ltr'>quod</span> <span class='ocrx_word' id='word_1_21' title='bbox 1231 734 1350 793; x_wconf 83' lang='lat' dir='ltr'>lssbelln</span> <span class='ocrx_word' id='word_1_22' title='bbox 1359 736 1394 794; x_wconf 90' lang='lat' dir='ltr'>de</span> 
     </span>
     <span class='ocr_line' id='line_1_4' title="bbox 195 827 1394 909; baseline 0.003 -23"><span class='ocrx_word' id='word_1_23' title='bbox 195 827 335 899; x_wconf 81' lang='lat' dir='ltr'>Fortibus,</span> <span class='ocrx_word' id='word_1_24' title='bbox 352 831 504 889; x_wconf 83' lang='lat' dir='ltr'>Comitisss</span> <span class='ocrx_word' id='word_1_25' title='bbox 524 830 708 902; x_wconf 70' lang='lat' dir='ltr'>albemarle,</span> <span class='ocrx_word' id='word_1_26' title='bbox 722 842 766 890; x_wconf 89' lang='lat' dir='ltr'>est</span> <span class='ocrx_word' id='word_1_27' title='bbox 786 833 967 909; x_wconf 86' lang='lat' dir='ltr'>propinquior</span> <span class='ocrx_word' id='word_1_28' title='bbox 988 832 1068 889; x_wconf 88' lang='lat' dir='ltr'>heres</span> <span class='ocrx_word' id='word_1_29' title='bbox 1089 831 1162 888; x_wconf 88' lang='lat' dir='ltr'>dicte</span> <span class='ocrx_word' id='word_1_30' title='bbox 1178 830 1352 907; x_wconf 81' lang='lat' dir='ltr'>Margarete,</span> <span class='ocrx_word' id='word_1_31' title='bbox 1365 842 1394 890; x_wconf 88' lang='lat' dir='ltr'>et</span> 
     </span>
     <span class='ocr_line' id='line_1_5' title="bbox 194 927 436 1003; baseline 0.004 -20"><span class='ocrx_word' id='word_1_32' title='bbox 194 936 237 983; x_wconf 92' lang='lat' dir='ltr'>est</span> <span class='ocrx_word' id='word_1_33' title='bbox 251 927 332 1003; x_wconf 91' lang='lat' dir='ltr'>plene</span> <span class='ocrx_word' id='word_1_34' title='bbox 345 929 436 984; x_wconf 77' lang='lat' dir='ltr'>etatis.</span> 
     </span>
    </p>

    <p class='ocr_par' dir='ltr' id='par_1_3' title="bbox 194 1022 1400 2067">
     <span class='ocr_line' id='line_1_6' title="bbox 236 1022 1395 1098; baseline 0.003 -19"><span class='ocrx_word' id='word_1_35' title='bbox 236 1031 253 1057; x_wconf 88' lang='lat'><strong>“</strong></span> <span class='ocrx_word' id='word_1_36' title='bbox 265 1022 386 1080; x_wconf 79' lang='lat' dir='ltr'>Extenta</span> <span class='ocrx_word' id='word_1_37' title='bbox 401 1023 517 1080; x_wconf 77' lang='lat' dir='ltr'>manerii</span> <span class='ocrx_word' id='word_1_38' title='bbox 538 1022 573 1080; x_wconf 89' lang='lat' dir='ltr'>de</span> <span class='ocrx_word' id='word_1_39' title='bbox 589 1023 774 1081; x_wconf 79' lang='lat' dir='ltr'>Pressewater</span> <span class='ocrx_word' id='word_1_40' title='bbox 794 1023 822 1079; x_wconf 90' lang='lat' dir='ltr'>in</span> <span class='ocrx_word' id='word_1_41' title='bbox 836 1042 909 1080; x_wconf 91' lang='lat' dir='ltr'>com.</span> <span class='ocrx_word' id='word_1_42' title='bbox 925 1022 1140 1091; x_wconf 79' lang='lat' dir='ltr'>Sutbhuntonie,</span> <span class='ocrx_word' id='word_1_43' title='bbox 1155 1022 1231 1098; x_wconf 92' lang='lat' dir='ltr'>quod</span> <span class='ocrx_word' id='word_1_44' title='bbox 1243 1024 1299 1081; x_wconf 86' lang='lat' dir='ltr'>fuit</span> <span class='ocrx_word' id='word_1_45' title='bbox 1313 1023 1395 1083; x_wconf 86' lang='lat' dir='ltr'>Mar·</span> 
     </span>
     <span class='ocr_line' id='line_1_7' title="bbox 194 1118 1395 1195; baseline 0.002 -19"><span class='ocrx_word' id='word_1_46' title='bbox 194 1127 290 1194; x_wconf 78' lang='lat' dir='ltr'>garete</span> <span class='ocrx_word' id='word_1_47' title='bbox 304 1119 339 1176; x_wconf 90' lang='lat' dir='ltr'>de</span> <span class='ocrx_word' id='word_1_48' title='bbox 362 1118 486 1195; x_wconf 82' lang='lat' dir='ltr'>Ripariis</span> <span class='ocrx_word' id='word_1_49' title='bbox 499 1118 641 1194; x_wconf 81' lang='lat' dir='ltr'>quondum</span> <span class='ocrx_word' id='word_1_50' title='bbox 657 1119 807 1177; x_wconf 89' lang='lat' dir='ltr'>Comitisse</span> <span class='ocrx_word' id='word_1_51' title='bbox 828 1118 966 1187; x_wconf 89' lang='lat' dir='ltr'>Devonie,</span> <span class='ocrx_word' id='word_1_52' title='bbox 980 1119 1056 1176; x_wconf 77' lang='lat' dir='ltr'>facta</span> <span class='ocrx_word' id='word_1_53' title='bbox 1075 1119 1121 1176; x_wconf 90' lang='lat' dir='ltr'>die</span> <span class='ocrx_word' id='word_1_54' title='bbox 1134 1118 1215 1176; x_wconf 86' lang='lat' dir='ltr'>Jovis</span> <span class='ocrx_word' id='word_1_55' title='bbox 1229 1120 1258 1175; x_wconf 89' lang='lat' dir='ltr'>in</span> <span class='ocrx_word' id='word_1_56' title='bbox 1273 1121 1395 1178; x_wconf 78' lang='lat' dir='ltr'>crastino</span> 
     </span>
     <span class='ocr_line' id='line_1_8' title="bbox 196 1213 1397 1294; baseline 0.002 -21"><span class='ocrx_word' id='word_1_57' title='bbox 196 1217 263 1274; x_wconf 83' lang='lat' dir='ltr'>festi</span> <span class='ocrx_word' id='word_1_58' title='bbox 294 1216 390 1274; x_wconf 80' lang='lat' dir='ltr'>Sancti</span> <span class='ocrx_word' id='word_1_59' title='bbox 414 1216 543 1273; x_wconf 80' lang='lat' dir='ltr'>Beruabe</span> <span class='ocrx_word' id='word_1_60' title='bbox 567 1216 698 1291; x_wconf 79' lang='lat' dir='ltr'>Apostoli</span> <span class='ocrx_word' id='word_1_61' title='bbox 723 1213 812 1294; x_wconf 67' lang='lat' dir='ltr'>(leth</span> <span class='ocrx_word' id='word_1_62' title='bbox 834 1215 925 1292; x_wconf 86' lang='lat' dir='ltr'>June)</span> <span class='ocrx_word' id='word_1_63' title='bbox 950 1234 1024 1273; x_wconf 82' lang='lat' dir='ltr'>anno</span> <span class='ocrx_word' id='word_1_64' title='bbox 1047 1217 1127 1291; x_wconf 79' lang='lat' dir='ltr'>regni</span> <span class='ocrx_word' id='word_1_65' title='bbox 1153 1216 1241 1291; x_wconf 84' lang='lat' dir='ltr'>Regis</span> <span class='ocrx_word' id='word_1_66' title='bbox 1265 1216 1397 1276; x_wconf 87' lang='lat' dir='ltr'>Edwardi</span> 
     </span>
     <span class='ocr_line' id='line_1_9' title="bbox 196 1311 1395 1390; baseline 0.003 -21"><span class='ocrx_word' id='word_1_67' title='bbox 196 1313 328 1369; x_wconf 83' lang='lat' dir='ltr'>vicesimo</span> <span class='ocrx_word' id='word_1_68' title='bbox 348 1331 398 1389; x_wconf 88' lang='lat' dir='ltr'>per</span> <span class='ocrx_word' id='word_1_69' title='bbox 417 1321 621 1370; x_wconf 86' lang='lat' dir='ltr'>sacramentum</span> <span class='ocrx_word' id='word_1_70' title='bbox 636 1311 770 1369; x_wconf 89' lang='lat' dir='ltr'>Willelmi</span> <span class='ocrx_word' id='word_1_71' title='bbox 784 1313 819 1369; x_wconf 90' lang='lat' dir='ltr'>dc</span> <span class='ocrx_word' id='word_1_72' title='bbox 834 1312 933 1390; x_wconf 86' lang='lat' dir='ltr'>Clyvc,</span> <span class='ocrx_word' id='word_1_73' title='bbox 948 1316 998 1371; x_wconf 76' lang='lat' dir='ltr'>dic.</span> <span class='ocrx_word' id='word_1_74' title='bbox 1018 1314 1067 1388; x_wconf 93' lang='lat' dir='ltr'>qui</span> <span class='ocrx_word' id='word_1_75' title='bbox 1085 1312 1182 1370; x_wconf 88' lang='lat' dir='ltr'>dicunt</span> <span class='ocrx_word' id='word_1_76' title='bbox 1200 1333 1282 1390; x_wconf 87' lang='lat' dir='ltr'>super</span> <span class='ocrx_word' id='word_1_77' title='bbox 1303 1333 1395 1373; x_wconf 82' lang='lat' dir='ltr'>sacra·</span> 
     </span>
     <span class='ocr_line' id='line_1_10' title="bbox 196 1409 1396 1485; baseline 0.004 -20"><span class='ocrx_word' id='word_1_78' title='bbox 196 1418 321 1466; x_wconf 91' lang='lat' dir='ltr'>mentum</span> <span class='ocrx_word' id='word_1_79' title='bbox 336 1429 418 1466; x_wconf 91' lang='lat' dir='ltr'>suum</span> <span class='ocrx_word' id='word_1_80' title='bbox 432 1410 508 1484; x_wconf 91' lang='lat' dir='ltr'>quod</span> <span class='ocrx_word' id='word_1_81' title='bbox 523 1409 686 1485; x_wconf 80' lang='lat' dir='ltr'>Margareta</span> <span class='ocrx_word' id='word_1_82' title='bbox 696 1409 730 1467; x_wconf 93' lang='lat' dir='ltr'>de</span> <span class='ocrx_word' id='word_1_83' title='bbox 746 1410 869 1485; x_wconf 84' lang='lat' dir='ltr'>lliparlis</span> <span class='ocrx_word' id='word_1_84' title='bbox 882 1410 973 1467; x_wconf 88' lang='lat' dir='ltr'>tenuit</span> <span class='ocrx_word' id='word_1_85' title='bbox 986 1411 1139 1467; x_wconf 81' lang='lat' dir='ltr'>manerium</span> <span class='ocrx_word' id='word_1_86' title='bbox 1153 1409 1187 1467; x_wconf 91' lang='lat' dir='ltr'>de</span> <span class='ocrx_word' id='word_1_87' title='bbox 1202 1410 1396 1480; x_wconf 86' lang='lat' dir='ltr'>Fressewater,</span> 
     </span>
     <span class='ocr_line' id='line_1_11' title="bbox 197 1506 1396 1583; baseline 0.003 -20"><span class='ocrx_word' id='word_1_88' title='bbox 197 1508 308 1564; x_wconf 91' lang='lat' dir='ltr'>nomine</span> <span class='ocrx_word' id='word_1_89' title='bbox 332 1506 406 1564; x_wconf 87' lang='lat' dir='ltr'>dotis</span> <span class='ocrx_word' id='word_1_90' title='bbox 430 1507 464 1563; x_wconf 94' lang='lat' dir='ltr'>de</span> <span class='ocrx_word' id='word_1_91' title='bbox 486 1506 607 1564; x_wconf 84' lang='lat' dir='ltr'>Isabclla</span> <span class='ocrx_word' id='word_1_92' title='bbox 621 1508 773 1566; x_wconf 81' lang='lat' dir='ltr'>Comitissa</span> <span class='ocrx_word' id='word_1_93' title='bbox 788 1507 951 1564; x_wconf 85' lang='lat' dir='ltr'>Albemarle</span> <span class='ocrx_word' id='word_1_94' title='bbox 971 1509 1000 1563; x_wconf 91' lang='lat' dir='ltr'>in</span> <span class='ocrx_word' id='word_1_95' title='bbox 1015 1509 1113 1583; x_wconf 83' lang='lat' dir='ltr'>capite,</span> <span class='ocrx_word' id='word_1_96' title='bbox 1135 1516 1165 1565; x_wconf 88' lang='lat' dir='ltr'>et</span> <span class='ocrx_word' id='word_1_97' title='bbox 1185 1508 1260 1565; x_wconf 85' lang='lat' dir='ltr'>dicto</span> <span class='ocrx_word' id='word_1_98' title='bbox 1274 1509 1396 1568; x_wconf 81' lang='lat' dir='ltr'>Isabella</span> 
     </span>
     <span class='ocr_line' id='line_1_12' title="bbox 196 1603 1397 1680; baseline 0.002 -19"><span class='ocrx_word' id='word_1_99' title='bbox 196 1604 226 1661; x_wconf 91' lang='lat' dir='ltr'>iu</span> <span class='ocrx_word' id='word_1_100' title='bbox 240 1606 330 1680; x_wconf 84' lang='lat' dir='ltr'>capite</span> <span class='ocrx_word' id='word_1_101' title='bbox 350 1623 399 1679; x_wconf 90' lang='lat' dir='ltr'>per</span> <span class='ocrx_word' id='word_1_102' title='bbox 420 1605 567 1661; x_wconf 88' lang='lat' dir='ltr'>servicium</span> <span class='ocrx_word' id='word_1_103' title='bbox 587 1604 717 1661; x_wconf 79' lang='lat' dir='ltr'>militare.</span> <span class='ocrx_word' id='word_1_104' title='bbox 759 1603 831 1661; x_wconf 90' lang='lat' dir='ltr'>Item</span> <span class='ocrx_word' id='word_1_105' title='bbox 846 1603 943 1660; x_wconf 89' lang='lat' dir='ltr'>dicunt</span> <span class='ocrx_word' id='word_1_106' title='bbox 957 1603 1034 1679; x_wconf 88' lang='lat' dir='ltr'>quod</span> <span class='ocrx_word' id='word_1_107' title='bbox 1053 1605 1208 1661; x_wconf 79' lang='lat' dir='ltr'>manerium</span> <span class='ocrx_word' id='word_1_108' title='bbox 1229 1605 1263 1661; x_wconf 94' lang='lat' dir='ltr'>de</span> <span class='ocrx_word' id='word_1_109' title='bbox 1285 1606 1397 1663; x_wconf 83' lang='lat' dir='ltr'>Freose·</span> 
     </span>
     <span class='ocr_line' id='line_1_13' title="bbox 198 1701 1397 1777; baseline -0.001 -18"><span class='ocrx_word' id='word_1_110' title='bbox 198 1701 373 1759; x_wconf 83' lang='lat' dir='ltr'>watervalet</span> <span class='ocrx_word' id='word_1_111' title='bbox 387 1719 552 1777; x_wconf 88' lang='lat' dir='ltr'>perannum</span> <span class='ocrx_word' id='word_1_112' title='bbox 567 1702 596 1756; x_wconf 92' lang='lat' dir='ltr'>in</span> <span class='ocrx_word' id='word_1_113' title='bbox 615 1701 745 1758; x_wconf 90' lang='lat' dir='ltr'>omnibus</span> <span class='ocrx_word' id='word_1_114' title='bbox 765 1701 885 1758; x_wconf 85' lang='lat' dir='ltr'>exitibus</span> <span class='ocrx_word' id='word_1_115' title='bbox 906 1720 971 1757; x_wconf 89' lang='lat' dir='ltr'>cum</span> <span class='ocrx_word' id='word_1_116' title='bbox 991 1701 1143 1757; x_wconf 81' lang='lat' dir='ltr'>redditibus</span> <span class='ocrx_word' id='word_1_117' title='bbox 1157 1701 1253 1776; x_wconf 85' lang='lat' dir='ltr'>pratis,</span> <span class='ocrx_word' id='word_1_118' title='bbox 1266 1703 1397 1777; x_wconf 88' lang='lat' dir='ltr'>pasturis,</span> 
     </span>
     <span class='ocr_line' id='line_1_14' title="bbox 200 1796 1399 1855; baseline -0.003 0"><span class='ocrx_word' id='word_1_119' title='bbox 200 1798 324 1855; x_wconf 86' lang='lat' dir='ltr'>serviciis</span> <span class='ocrx_word' id='word_1_120' title='bbox 345 1807 373 1855; x_wconf 92' lang='lat' dir='ltr'>et</span> <span class='ocrx_word' id='word_1_121' title='bbox 393 1798 641 1854; x_wconf 87' lang='lat' dir='ltr'>consuetudinibus</span> <span class='ocrx_word' id='word_1_122' title='bbox 661 1806 691 1854; x_wconf 90' lang='lat' dir='ltr'>et</span> <span class='ocrx_word' id='word_1_123' title='bbox 710 1797 839 1854; x_wconf 90' lang='lat' dir='ltr'>omnibus</span> <span class='ocrx_word' id='word_1_124' title='bbox 860 1796 923 1854; x_wconf 86' lang='lat' dir='ltr'>aliis</span> <span class='ocrx_word' id='word_1_125' title='bbox 941 1797 1061 1853; x_wconf 82' lang='lat' dir='ltr'>exitibus</span> <span class='ocrx_word' id='word_1_126' title='bbox 1079 1816 1135 1852; x_wconf 83' lang='lat' dir='ltr'>xxv</span> <span class='ocrx_word' id='word_1_127' title='bbox 1149 1796 1247 1855; x_wconf 87' lang='lat' dir='ltr'>libras.</span> <span class='ocrx_word' id='word_1_128' title='bbox 1290 1797 1399 1854; x_wconf 89' lang='lat' dir='ltr'>Dicunt</span> 
     </span>
     <span class='ocr_line' id='line_1_15' title="bbox 198 1892 1400 1970; baseline -0.002 -18"><span class='ocrx_word' id='word_1_129' title='bbox 198 1895 282 1952; x_wconf 83' lang='lat' dir='ltr'>etiam</span> <span class='ocrx_word' id='word_1_130' title='bbox 306 1894 381 1969; x_wconf 90' lang='lat' dir='ltr'>quod</span> <span class='ocrx_word' id='word_1_131' title='bbox 407 1893 528 1950; x_wconf 75' lang='lat' dir='ltr'>isabella</span> <span class='ocrx_word' id='word_1_132' title='bbox 552 1894 586 1951; x_wconf 89' lang='lat' dir='ltr'>de</span> <span class='ocrx_word' id='word_1_133' title='bbox 612 1892 752 1960; x_wconf 83' lang='lat' dir='ltr'>Fortibus,</span> <span class='ocrx_word' id='word_1_134' title='bbox 777 1893 928 1951; x_wconf 87' lang='lat' dir='ltr'>Comitissa</span> <span class='ocrx_word' id='word_1_135' title='bbox 950 1893 1131 1961; x_wconf 85' lang='lat' dir='ltr'>Albemarlie,</span> <span class='ocrx_word' id='word_1_136' title='bbox 1152 1902 1195 1950; x_wconf 89' lang='lat' dir='ltr'>est</span> <span class='ocrx_word' id='word_1_137' title='bbox 1218 1893 1400 1970; x_wconf 90' lang='lat' dir='ltr'>propinquior</span> 
     </span>
     <span class='ocr_line' id='line_1_16' title="bbox 203 1990 906 2067; baseline -0.003 -19"><span class='ocrx_word' id='word_1_138' title='bbox 203 1992 285 2048; x_wconf 85' lang='lat' dir='ltr'>heres</span> <span class='ocrx_word' id='word_1_139' title='bbox 299 1990 420 2067; x_wconf 84' lang='lat' dir='ltr'>predicte</span> <span class='ocrx_word' id='word_1_140' title='bbox 435 1990 607 2065; x_wconf 79' lang='lat' dir='ltr'>Margarete,</span> <span class='ocrx_word' id='word_1_141' title='bbox 621 2000 650 2047; x_wconf 90' lang='lat' dir='ltr'>et</span> <span class='ocrx_word' id='word_1_142' title='bbox 663 2000 707 2048; x_wconf 90' lang='lat' dir='ltr'>est</span> <span class='ocrx_word' id='word_1_143' title='bbox 719 1990 800 2066; x_wconf 93' lang='lat' dir='ltr'>plene</span> <span class='ocrx_word' id='word_1_144' title='bbox 813 1991 906 2047; x_wconf 84' lang='lat' dir='ltr'>etstis.</span> 
     </span>
    </p>

    <p class='ocr_par' dir='ltr' id='par_1_4' title="bbox 201 2086 1405 2931">
     <span class='ocr_line' id='line_1_17' title="bbox 242 2086 1399 2164; baseline 0 -18"><span class='ocrx_word' id='word_1_145' title='bbox 242 2089 389 2146; x_wconf 79' lang='lat' dir='ltr'>“Ententa</span> <span class='ocrx_word' id='word_1_146' title='bbox 401 2089 517 2144; x_wconf 86' lang='lat' dir='ltr'>manerii</span> <span class='ocrx_word' id='word_1_147' title='bbox 523 2088 557 2144; x_wconf 89' lang='lat' dir='ltr'>de</span> <span class='ocrx_word' id='word_1_148' title='bbox 568 2087 769 2145; x_wconf 80' lang='lat' dir='ltr'>Wroclreshale</span> <span class='ocrx_word' id='word_1_149' title='bbox 783 2086 859 2162; x_wconf 92' lang='lat' dir='ltr'>quod</span> <span class='ocrx_word' id='word_1_150' title='bbox 878 2088 933 2144; x_wconf 87' lang='lat' dir='ltr'>fuit</span> <span class='ocrx_word' id='word_1_151' title='bbox 943 2087 1107 2163; x_wconf 80' lang='lat' dir='ltr'>Margareto</span> <span class='ocrx_word' id='word_1_152' title='bbox 1124 2087 1158 2144; x_wconf 90' lang='lat' dir='ltr'>de</span> <span class='ocrx_word' id='word_1_153' title='bbox 1170 2086 1292 2163; x_wconf 85' lang='lat' dir='ltr'>Ripariis</span> <span class='ocrx_word' id='word_1_154' title='bbox 1310 2107 1399 2164; x_wconf 91' lang='lat' dir='ltr'>quou-</span> 
     </span>
     <span class='ocr_line' id='line_1_18' title="bbox 201 2185 1400 2262; baseline -0.003 -18"><span class='ocrx_word' id='word_1_155' title='bbox 201 2187 266 2244; x_wconf 86' lang='lat' dir='ltr'>dam</span> <span class='ocrx_word' id='word_1_156' title='bbox 286 2185 436 2244; x_wconf 88' lang='lat' dir='ltr'>Comitisse</span> <span class='ocrx_word' id='word_1_157' title='bbox 451 2185 588 2252; x_wconf 84' lang='lat' dir='ltr'>Devonie,</span> <span class='ocrx_word' id='word_1_158' title='bbox 603 2185 678 2242; x_wconf 75' lang='lat' dir='ltr'>facta</span> <span class='ocrx_word' id='word_1_159' title='bbox 697 2186 742 2242; x_wconf 89' lang='lat' dir='ltr'>die</span> <span class='ocrx_word' id='word_1_160' title='bbox 761 2194 790 2241; x_wconf 89' lang='lat' dir='ltr'>et</span> <span class='ocrx_word' id='word_1_161' title='bbox 802 2205 877 2241; x_wconf 84' lang='lat' dir='ltr'>anuo</span> <span class='ocrx_word' id='word_1_162' title='bbox 891 2186 1053 2262; x_wconf 79' lang='lat' dir='ltr'>supradicto</span> <span class='ocrx_word' id='word_1_163' title='bbox 1067 2205 1116 2260; x_wconf 90' lang='lat' dir='ltr'>per</span> <span class='ocrx_word' id='word_1_164' title='bbox 1131 2187 1241 2261; x_wconf 86' lang='lat' dir='ltr'>juratos</span> <span class='ocrx_word' id='word_1_165' title='bbox 1261 2185 1400 2260; x_wconf 78' lang='lat' dir='ltr'>predictos</span> 
     </span>
     <span class='ocr_line' id='line_1_19' title="bbox 202 2280 1401 2360; baseline -0.003 -20"><span class='ocrx_word' id='word_1_166' title='bbox 202 2284 250 2360; x_wconf 93' lang='lat' dir='ltr'>qui</span> <span class='ocrx_word' id='word_1_167' title='bbox 271 2282 368 2339; x_wconf 88' lang='lat' dir='ltr'>dicunt</span> <span class='ocrx_word' id='word_1_168' title='bbox 386 2299 436 2357; x_wconf 90' lang='lat' dir='ltr'>per</span> <span class='ocrx_word' id='word_1_169' title='bbox 458 2290 663 2339; x_wconf 80' lang='lat' dir='ltr'>sacramentum</span> <span class='ocrx_word' id='word_1_170' title='bbox 682 2300 762 2337; x_wconf 90' lang='lat' dir='ltr'>suum</span> <span class='ocrx_word' id='word_1_171' title='bbox 776 2280 853 2356; x_wconf 92' lang='lat' dir='ltr'>quod</span> <span class='ocrx_word' id='word_1_172' title='bbox 878 2281 1044 2356; x_wconf 81' lang='lat' dir='ltr'>Margareta</span> <span class='ocrx_word' id='word_1_173' title='bbox 1057 2282 1092 2338; x_wconf 90' lang='lat' dir='ltr'>de</span> <span class='ocrx_word' id='word_1_174' title='bbox 1115 2281 1238 2356; x_wconf 78' lang='lat' dir='ltr'>Ripariis</span> <span class='ocrx_word' id='word_1_175' title='bbox 1260 2281 1401 2356; x_wconf 82' lang='lat' dir='ltr'>quondum</span> 
     </span>
     <span class='ocr_line' id='line_1_20' title="bbox 205 2376 1405 2438; baseline -0.003 -1"><span class='ocrx_word' id='word_1_176' title='bbox 205 2381 357 2438; x_wconf 83' lang='lat' dir='ltr'>Comitisso</span> <span class='ocrx_word' id='word_1_177' title='bbox 376 2378 505 2435; x_wconf 88' lang='lat' dir='ltr'>Devonie</span> <span class='ocrx_word' id='word_1_178' title='bbox 525 2379 616 2434; x_wconf 85' lang='lat' dir='ltr'>tenuit</span> <span class='ocrx_word' id='word_1_179' title='bbox 637 2379 792 2434; x_wconf 83' lang='lat' dir='ltr'>manerium</span> <span class='ocrx_word' id='word_1_180' title='bbox 806 2377 841 2433; x_wconf 89' lang='lat' dir='ltr'>de</span> <span class='ocrx_word' id='word_1_181' title='bbox 855 2377 1056 2434; x_wconf 78' lang='lat' dir='ltr'>Wroclieshale</span> <span class='ocrx_word' id='word_1_182' title='bbox 1070 2376 1105 2434; x_wconf 88' lang='lat' dir='ltr'>de</span> <span class='ocrx_word' id='word_1_183' title='bbox 1118 2376 1240 2434; x_wconf 83' lang='lat' dir='ltr'>Isobelln</span> <span class='ocrx_word' id='word_1_184' title='bbox 1253 2377 1405 2435; x_wconf 84' lang='lat' dir='ltr'>Comitisss</span> 
     </span>
     <span class='ocr_line' id='line_1_21' title="bbox 205 2473 1405 2549; baseline -0.003 -15"><span class='ocrx_word' id='word_1_185' title='bbox 205 2475 378 2534; x_wconf 79' lang='lat' dir='ltr'>Albemarlie</span> <span class='ocrx_word' id='word_1_186' title='bbox 399 2475 510 2531; x_wconf 90' lang='lat' dir='ltr'>nomine</span> <span class='ocrx_word' id='word_1_187' title='bbox 529 2474 610 2540; x_wconf 90' lang='lat' dir='ltr'>dotis,</span> <span class='ocrx_word' id='word_1_188' title='bbox 634 2482 663 2530; x_wconf 93' lang='lat' dir='ltr'>et</span> <span class='ocrx_word' id='word_1_189' title='bbox 676 2473 750 2530; x_wconf 88' lang='lat' dir='ltr'>dicta</span> <span class='ocrx_word' id='word_1_190' title='bbox 765 2473 887 2530; x_wconf 81' lang='lat' dir='ltr'>lsabello</span> <span class='ocrx_word' id='word_1_191' title='bbox 906 2473 941 2529; x_wconf 90' lang='lat' dir='ltr'>de</span> <span class='ocrx_word' id='word_1_192' title='bbox 958 2473 1072 2530; x_wconf 90' lang='lat' dir='ltr'>domino</span> <span class='ocrx_word' id='word_1_193' title='bbox 1094 2473 1174 2548; x_wconf 78' lang='lat' dir='ltr'>Rege</span> <span class='ocrx_word' id='word_1_194' title='bbox 1194 2475 1222 2529; x_wconf 92' lang='lat' dir='ltr'>in</span> <span class='ocrx_word' id='word_1_195' title='bbox 1244 2474 1335 2549; x_wconf 84' lang='lat' dir='ltr'>capite</span> <span class='ocrx_word' id='word_1_196' title='bbox 1355 2492 1405 2548; x_wconf 90' lang='lat' dir='ltr'>per</span> 
     </span>
     <span class='ocr_line' id='line_1_22' title="bbox 205 2569 1405 2646; baseline -0.003 -17"><span class='ocrx_word' id='word_1_197' title='bbox 205 2573 353 2630; x_wconf 81' lang='lat' dir='ltr'>servicium</span> <span class='ocrx_word' id='word_1_198' title='bbox 363 2571 494 2627; x_wconf 82' lang='lat' dir='ltr'>militare.</span> <span class='ocrx_word' id='word_1_199' title='bbox 535 2570 607 2626; x_wconf 89' lang='lat' dir='ltr'>ltem</span> <span class='ocrx_word' id='word_1_200' title='bbox 621 2569 718 2627; x_wconf 88' lang='lat' dir='ltr'>dicunt</span> <span class='ocrx_word' id='word_1_201' title='bbox 728 2569 804 2645; x_wconf 93' lang='lat' dir='ltr'>quod</span> <span class='ocrx_word' id='word_1_202' title='bbox 814 2569 969 2646; x_wconf 90' lang='lat' dir='ltr'>predictum</span> <span class='ocrx_word' id='word_1_203' title='bbox 982 2571 1137 2627; x_wconf 82' lang='lat' dir='ltr'>manerium</span> <span class='ocrx_word' id='word_1_204' title='bbox 1152 2570 1186 2626; x_wconf 92' lang='lat' dir='ltr'>de</span> <span class='ocrx_word' id='word_1_205' title='bbox 1204 2569 1405 2627; x_wconf 80' lang='lat' dir='ltr'>Wrockesbale</span> 
     </span>
     <span class='ocr_line' id='line_1_23' title="bbox 206 2665 1404 2743; baseline -0.002 -17"><span class='ocrx_word' id='word_1_206' title='bbox 206 2671 282 2726; x_wconf 85' lang='lat' dir='ltr'>valet</span> <span class='ocrx_word' id='word_1_207' title='bbox 296 2670 325 2724; x_wconf 91' lang='lat' dir='ltr'>iu</span> <span class='ocrx_word' id='word_1_208' title='bbox 339 2668 468 2725; x_wconf 90' lang='lat' dir='ltr'>omnibus</span> <span class='ocrx_word' id='word_1_209' title='bbox 488 2668 608 2724; x_wconf 86' lang='lat' dir='ltr'>exitibus</span> <span class='ocrx_word' id='word_1_210' title='bbox 622 2687 657 2724; x_wconf 81' lang='lat' dir='ltr'>xv</span> <span class='ocrx_word' id='word_1_211' title='bbox 673 2665 768 2724; x_wconf 80' lang='lat' dir='ltr'>libras.</span> <span class='ocrx_word' id='word_1_212' title='bbox 809 2666 920 2723; x_wconf 88' lang='lat' dir='ltr'>Dicunt</span> <span class='ocrx_word' id='word_1_213' title='bbox 940 2667 1024 2724; x_wconf 86' lang='lat' dir='ltr'>etiam</span> <span class='ocrx_word' id='word_1_214' title='bbox 1043 2666 1119 2742; x_wconf 90' lang='lat' dir='ltr'>quod</span> <span class='ocrx_word' id='word_1_215' title='bbox 1137 2667 1261 2743; x_wconf 80' lang='lat' dir='ltr'>predicte</span> <span class='ocrx_word' id='word_1_216' title='bbox 1282 2666 1404 2724; x_wconf 83' lang='lat' dir='ltr'>lsabells</span> 
     </span>
     <span class='ocr_line' id='line_1_24' title="bbox 207 2764 1403 2841; baseline -0.003 -17"><span class='ocrx_word' id='word_1_217' title='bbox 207 2767 242 2825; x_wconf 89' lang='lat' dir='ltr'>de</span> <span class='ocrx_word' id='word_1_218' title='bbox 257 2766 389 2823; x_wconf 88' lang='lat' dir='ltr'>Fortibus</span> <span class='ocrx_word' id='word_1_219' title='bbox 410 2764 533 2841; x_wconf 87' lang='lat' dir='ltr'>predicte</span> <span class='ocrx_word' id='word_1_220' title='bbox 555 2764 717 2840; x_wconf 81' lang='lat' dir='ltr'>Margarete</span> <span class='ocrx_word' id='word_1_221' title='bbox 737 2773 780 2821; x_wconf 88' lang='lat' dir='ltr'>est</span> <span class='ocrx_word' id='word_1_222' title='bbox 793 2765 975 2841; x_wconf 88' lang='lat' dir='ltr'>propinquior</span> <span class='ocrx_word' id='word_1_223' title='bbox 992 2765 1074 2822; x_wconf 89' lang='lat' dir='ltr'>heres</span> <span class='ocrx_word' id='word_1_224' title='bbox 1088 2773 1116 2822; x_wconf 90' lang='lat' dir='ltr'>et</span> <span class='ocrx_word' id='word_1_225' title='bbox 1129 2764 1210 2841; x_wconf 90' lang='lat' dir='ltr'>plene</span> <span class='ocrx_word' id='word_1_226' title='bbox 1223 2766 1313 2822; x_wconf 81' lang='lat' dir='ltr'>etatis.</span> <span class='ocrx_word' id='word_1_227' title='bbox 1355 2765 1403 2821; x_wconf 91' lang='lat' dir='ltr'>ln-</span> 
     </span>
     <span class='ocr_line' id='line_1_25' title="bbox 207 2860 776 2931; baseline -0.007 -9"><span class='ocrx_word' id='word_1_228' title='bbox 207 2863 317 2931; x_wconf 89' lang='lat' dir='ltr'>dorsed,</span> <span class='ocrx_word' id='word_1_229' title='bbox 333 2863 437 2921; x_wconf 79' lang='lat' dir='ltr'>Coram</span> <span class='ocrx_word' id='word_1_230' title='bbox 452 2861 576 2918; x_wconf 91' lang='lat' dir='ltr'>Domino</span> <span class='ocrx_word' id='word_1_231' title='bbox 591 2860 776 2919; x_wconf 85' lang='lat' dir='ltr'>Cancellario.</span> 
     </span>
    </p>

    <p class='ocr_par' dir='ltr' id='par_1_5' title="bbox 208 2956 1412 3708">
     <span class='ocr_line' id='line_1_26' title="bbox 247 2956 1404 3034; baseline -0.003 -16"><span class='ocrx_word' id='word_1_232' title='bbox 247 2959 329 3018; x_wconf 84' lang='lat' dir='ltr'>“Pro</span> <span class='ocrx_word' id='word_1_233' title='bbox 341 2959 463 3018; x_wconf 83' lang='lat' dir='ltr'>lsabello</span> <span class='ocrx_word' id='word_1_234' title='bbox 472 2958 624 3017; x_wconf 84' lang='lat' dir='ltr'>Comitissa</span> <span class='ocrx_word' id='word_1_235' title='bbox 637 2958 808 3016; x_wconf 84' lang='lat' dir='ltr'>Albemarle.</span> <span class='ocrx_word' id='word_1_236' title='bbox 850 2959 925 3022; x_wconf 81' lang='lat' dir='ltr'>Quin</span> <span class='ocrx_word' id='word_1_237' title='bbox 940 2956 1003 3015; x_wconf 87' lang='lat' dir='ltr'>Rex</span> <span class='ocrx_word' id='word_1_238' title='bbox 1017 2959 1124 3034; x_wconf 86' lang='lat' dir='ltr'>accepit</span> <span class='ocrx_word' id='word_1_239' title='bbox 1137 2977 1188 3034; x_wconf 88' lang='lat' dir='ltr'>per</span> <span class='ocrx_word' id='word_1_240' title='bbox 1201 2958 1404 3033; x_wconf 88' lang='lat' dir='ltr'>inquisitiones,</span> 
     </span>
     <span class='ocr_line' id='line_1_27' title="bbox 208 3052 1406 3133; baseline -0.003 -19"><span class='ocrx_word' id='word_1_241' title='bbox 208 3076 278 3133; x_wconf 83' lang='lat' dir='ltr'>quus</span> <span class='ocrx_word' id='word_1_242' title='bbox 291 3076 342 3133; x_wconf 88' lang='lat' dir='ltr'>per</span> <span class='ocrx_word' id='word_1_243' title='bbox 359 3055 547 3113; x_wconf 85' lang='lat' dir='ltr'>Mslculinum</span> <span class='ocrx_word' id='word_1_244' title='bbox 561 3055 596 3113; x_wconf 90' lang='lat' dir='ltr'>de</span> <span class='ocrx_word' id='word_1_245' title='bbox 618 3054 707 3111; x_wconf 85' lang='lat' dir='ltr'>Harle</span> <span class='ocrx_word' id='word_1_246' title='bbox 728 3053 908 3111; x_wconf 84' lang='lat' dir='ltr'>Escaetorem</span> <span class='ocrx_word' id='word_1_247' title='bbox 927 3052 1002 3110; x_wconf 83' lang='lat' dir='ltr'>ultra</span> <span class='ocrx_word' id='word_1_248' title='bbox 1016 3052 1152 3110; x_wconf 75' lang='lat' dir='ltr'>Frentum</span> <span class='ocrx_word' id='word_1_249' title='bbox 1165 3054 1225 3110; x_wconf 86' lang='lat' dir='ltr'>fieri</span> <span class='ocrx_word' id='word_1_250' title='bbox 1239 3054 1314 3120; x_wconf 86' lang='lat' dir='ltr'>fecit,</span> <span class='ocrx_word' id='word_1_251' title='bbox 1329 3053 1406 3129; x_wconf 92' lang='lat' dir='ltr'>quod</span> 
     </span>
     <span class='ocr_line' id='line_1_28' title="bbox 209 3149 1407 3229; baseline -0.003 -19"><span class='ocrx_word' id='word_1_252' title='bbox 209 3153 374 3229; x_wconf 75' lang='lat' dir='ltr'>Margareta</span> <span class='ocrx_word' id='word_1_253' title='bbox 394 3151 428 3208; x_wconf 91' lang='lat' dir='ltr'>de</span> <span class='ocrx_word' id='word_1_254' title='bbox 450 3151 573 3226; x_wconf 85' lang='lat' dir='ltr'>Ripariis</span> <span class='ocrx_word' id='word_1_255' title='bbox 587 3149 729 3225; x_wconf 86' lang='lat' dir='ltr'>quondam</span> <span class='ocrx_word' id='word_1_256' title='bbox 744 3149 897 3208; x_wconf 80' lang='lat' dir='ltr'>Comitisss</span> <span class='ocrx_word' id='word_1_257' title='bbox 919 3149 1049 3206; x_wconf 83' lang='lat' dir='ltr'>Devonie</span> <span class='ocrx_word' id='word_1_258' title='bbox 1067 3169 1156 3226; x_wconf 89' lang='lat' dir='ltr'>nuper</span> <span class='ocrx_word' id='word_1_259' title='bbox 1169 3151 1302 3208; x_wconf 80' lang='lat' dir='ltr'>defuncta</span> <span class='ocrx_word' id='word_1_260' title='bbox 1321 3149 1407 3207; x_wconf 92' lang='lat' dir='ltr'>nichil</span> 
     </span>
     <span class='ocr_line' id='line_1_29' title="bbox 209 3246 1407 3324; baseline 0 -19"><span class='ocrx_word' id='word_1_261' title='bbox 209 3250 298 3306; x_wconf 87' lang='lat' dir='ltr'>tenuit</span> <span class='ocrx_word' id='word_1_262' title='bbox 312 3248 347 3305; x_wconf 91' lang='lat' dir='ltr'>de</span> <span class='ocrx_word' id='word_1_263' title='bbox 363 3248 442 3324; x_wconf 86' lang='lat' dir='ltr'>Rege</span> <span class='ocrx_word' id='word_1_264' title='bbox 455 3249 486 3305; x_wconf 91' lang='lat' dir='ltr'>iu</span> <span class='ocrx_word' id='word_1_265' title='bbox 505 3248 594 3323; x_wconf 80' lang='lat' dir='ltr'>capite</span> <span class='ocrx_word' id='word_1_266' title='bbox 609 3246 654 3303; x_wconf 94' lang='lat' dir='ltr'>die</span> <span class='ocrx_word' id='word_1_267' title='bbox 674 3266 730 3322; x_wconf 84' lang='lat' dir='ltr'>qun</span> <span class='ocrx_word' id='word_1_268' title='bbox 751 3247 829 3313; x_wconf 86' lang='lat' dir='ltr'>obiit,</span> <span class='ocrx_word' id='word_1_269' title='bbox 852 3255 881 3303; x_wconf 90' lang='lat' dir='ltr'>et</span> <span class='ocrx_word' id='word_1_270' title='bbox 899 3246 976 3322; x_wconf 91' lang='lat' dir='ltr'>quod</span> <span class='ocrx_word' id='word_1_271' title='bbox 989 3248 1079 3303; x_wconf 89' lang='lat' dir='ltr'>tenuit</span> <span class='ocrx_word' id='word_1_272' title='bbox 1092 3248 1216 3305; x_wconf 77' lang='lat' dir='ltr'>maneria</span> <span class='ocrx_word' id='word_1_273' title='bbox 1229 3247 1264 3304; x_wconf 94' lang='lat' dir='ltr'>de</span> <span class='ocrx_word' id='word_1_274' title='bbox 1280 3247 1407 3316; x_wconf 89' lang='lat' dir='ltr'>Pisshoo,</span> 
     </span>
     <span class='ocr_line' id='line_1_30' title="bbox 211 3343 1409 3412; baseline -0.003 -9"><span class='ocrx_word' id='word_1_275' title='bbox 211 3345 372 3412; x_wconf 83' lang='lat' dir='ltr'>Neweham,</span> <span class='ocrx_word' id='word_1_276' title='bbox 396 3345 468 3402; x_wconf 89' lang='lat' dir='ltr'>Suth</span> <span class='ocrx_word' id='word_1_277' title='bbox 490 3343 639 3411; x_wconf 84' lang='lat' dir='ltr'>Lambeth,</span> <span class='ocrx_word' id='word_1_278' title='bbox 663 3344 856 3411; x_wconf 81' lang='lat' dir='ltr'>Fressewatre,</span> <span class='ocrx_word' id='word_1_279' title='bbox 876 3343 1071 3410; x_wconf 77' lang='lat' dir='ltr'>Wrolreshale,</span> <span class='ocrx_word' id='word_1_280' title='bbox 1091 3353 1120 3401; x_wconf 87' lang='lat' dir='ltr'>et</span> <span class='ocrx_word' id='word_1_281' title='bbox 1141 3344 1358 3411; x_wconf 87' lang='lat' dir='ltr'>Cristechirche,</span> <span class='ocrx_word' id='word_1_282' title='bbox 1380 3345 1409 3400; x_wconf 91' lang='lat' dir='ltr'>in</span> 
     </span>
     <span class='ocr_line' id='line_1_31' title="bbox 210 3440 1410 3514; baseline -0.001 -16"><span class='ocrx_word' id='word_1_283' title='bbox 210 3441 304 3499; x_wconf 87' lang='lat' dir='ltr'>dotem</span> <span class='ocrx_word' id='word_1_284' title='bbox 318 3441 352 3498; x_wconf 89' lang='lat' dir='ltr'>de</span> <span class='ocrx_word' id='word_1_285' title='bbox 367 3441 440 3498; x_wconf 92' lang='lat' dir='ltr'>dono</span> <span class='ocrx_word' id='word_1_286' title='bbox 461 3441 616 3499; x_wconf 86' lang='lat' dir='ltr'>Baldewini</span> <span class='ocrx_word' id='word_1_287' title='bbox 637 3441 671 3497; x_wconf 91' lang='lat' dir='ltr'>de</span> <span class='ocrx_word' id='word_1_288' title='bbox 696 3440 793 3498; x_wconf 81' lang='lat' dir='ltr'>Insula</span> <span class='ocrx_word' id='word_1_289' title='bbox 807 3440 949 3514; x_wconf 82' lang='lat' dir='ltr'>quondam</span> <span class='ocrx_word' id='word_1_290' title='bbox 962 3441 1072 3498; x_wconf 88' lang='lat' dir='ltr'>comitis</span> <span class='ocrx_word' id='word_1_291' title='bbox 1092 3440 1223 3498; x_wconf 87' lang='lat' dir='ltr'>Devonie</span> <span class='ocrx_word' id='word_1_292' title='bbox 1236 3442 1289 3497; x_wconf 88' lang='lat' dir='ltr'>viri</span> <span class='ocrx_word' id='word_1_293' title='bbox 1310 3441 1362 3506; x_wconf 92' lang='lat' dir='ltr'>sui,</span> <span class='ocrx_word' id='word_1_294' title='bbox 1381 3448 1410 3497; x_wconf 90' lang='lat' dir='ltr'>et</span> 
     </span>
     <span class='ocr_line' id='line_1_32' title="bbox 211 3534 1410 3614; baseline 0 -20"><span class='ocrx_word' id='word_1_295' title='bbox 211 3536 287 3614; x_wconf 92' lang='lat' dir='ltr'>quod</span> <span class='ocrx_word' id='word_1_296' title='bbox 301 3535 422 3593; x_wconf 80' lang='lat' dir='ltr'>lsabella</span> <span class='ocrx_word' id='word_1_297' title='bbox 445 3536 597 3594; x_wconf 83' lang='lat' dir='ltr'>Comitissa</span> <span class='ocrx_word' id='word_1_298' title='bbox 620 3534 793 3592; x_wconf 81' lang='lat' dir='ltr'>Albemnrlic</span> <span class='ocrx_word' id='word_1_299' title='bbox 806 3544 849 3591; x_wconf 88' lang='lat' dir='ltr'>est</span> <span class='ocrx_word' id='word_1_300' title='bbox 863 3555 944 3592; x_wconf 90' lang='lat' dir='ltr'>soror</span> <span class='ocrx_word' id='word_1_301' title='bbox 955 3544 984 3592; x_wconf 89' lang='lat' dir='ltr'>et</span> <span class='ocrx_word' id='word_1_302' title='bbox 997 3536 1179 3612; x_wconf 90' lang='lat' dir='ltr'>propinquior</span> <span class='ocrx_word' id='word_1_303' title='bbox 1198 3536 1280 3593; x_wconf 89' lang='lat' dir='ltr'>heres</span> <span class='ocrx_word' id='word_1_304' title='bbox 1293 3536 1410 3612; x_wconf 87' lang='lat' dir='ltr'>predicti</span> 
     </span>
     <span class='ocr_line' id='line_1_33' title="bbox 213 3630 1412 3708; baseline 0.001 -18"><span class='ocrx_word' id='word_1_305' title='bbox 213 3632 368 3690; x_wconf 84' lang='lat' dir='ltr'>Baldewini</span> <span class='ocrx_word' id='word_1_306' title='bbox 396 3640 425 3688; x_wconf 92' lang='lat' dir='ltr'>et</span> <span class='ocrx_word' id='word_1_307' title='bbox 449 3631 529 3708; x_wconf 90' lang='lat' dir='ltr'>plene</span> <span class='ocrx_word' id='word_1_308' title='bbox 550 3631 642 3697; x_wconf 80' lang='lat' dir='ltr'>etatis,</span> <span class='ocrx_word' id='word_1_309' title='bbox 662 3630 824 3687; x_wconf 80' lang='lat' dir='ltr'>mundatum</span> <span class='ocrx_word' id='word_1_310' title='bbox 844 3640 888 3688; x_wconf 88' lang='lat' dir='ltr'>est</span> <span class='ocrx_word' id='word_1_311' title='bbox 910 3631 1018 3706; x_wconf 80' lang='lat' dir='ltr'>prefato</span> <span class='ocrx_word' id='word_1_312' title='bbox 1043 3632 1200 3690; x_wconf 90' lang='lat' dir='ltr'>Malculino</span> <span class='ocrx_word' id='word_1_313' title='bbox 1224 3632 1299 3708; x_wconf 92' lang='lat' dir='ltr'>quod</span> <span class='ocrx_word' id='word_1_314' title='bbox 1322 3632 1412 3692; x_wconf 88' lang='lat' dir='ltr'>eidem</span> 
     </span>
    </p>
   </div>
   <div class='ocr_carea' id='block_1_3' title="bbox 212 3727 1412 4000">
    <p class='ocr_par' dir='ltr' id='par_1_6' title="bbox 212 3727 1412 4000">
     <span class='ocr_line' id='line_1_34' title="bbox 212 3727 1411 3807; baseline 0.001 -19"><span class='ocrx_word' id='word_1_315' title='bbox 212 3728 333 3788; x_wconf 80' lang='lat' dir='ltr'>lsabelle</span> <span class='ocrx_word' id='word_1_316' title='bbox 346 3728 470 3785; x_wconf 84' lang='lat' dir='ltr'>maneria</span> <span class='ocrx_word' id='word_1_317' title='bbox 484 3727 608 3804; x_wconf 81' lang='lat' dir='ltr'>predicta</span> <span class='ocrx_word' id='word_1_318' title='bbox 622 3746 687 3784; x_wconf 91' lang='lat' dir='ltr'>cum</span> <span class='ocrx_word' id='word_1_319' title='bbox 700 3727 882 3802; x_wconf 88' lang='lat' dir='ltr'>pertinentiis,</span> <span class='ocrx_word' id='word_1_320' title='bbox 897 3747 954 3784; x_wconf 85' lang='lat' dir='ltr'>une</span> <span class='ocrx_word' id='word_1_321' title='bbox 968 3748 1032 3785; x_wconf 90' lang='lat' dir='ltr'>oum</span> <span class='ocrx_word' id='word_1_322' title='bbox 1051 3730 1179 3786; x_wconf 90' lang='lat' dir='ltr'>omnibus</span> <span class='ocrx_word' id='word_1_323' title='bbox 1197 3728 1260 3787; x_wconf 91' lang='lat' dir='ltr'>inde</span> <span class='ocrx_word' id='word_1_324' title='bbox 1275 3732 1411 3807; x_wconf 86' lang='lat' dir='ltr'>perceptis</span> 
     </span>
     <span class='ocr_line' id='line_1_35' title="bbox 212 3824 1412 3905; baseline 0.003 -22"><span class='ocrx_word' id='word_1_325' title='bbox 212 3836 368 3903; x_wconf 88' lang='lat' dir='ltr'>atempore</span> <span class='ocrx_word' id='word_1_326' title='bbox 382 3825 520 3901; x_wconf 84' lang='lat' dir='ltr'>capcionis</span> <span class='ocrx_word' id='word_1_327' title='bbox 536 3825 698 3881; x_wconf 89' lang='lat' dir='ltr'>eorumdem</span> <span class='ocrx_word' id='word_1_328' title='bbox 712 3824 740 3879; x_wconf 92' lang='lat' dir='ltr'>in</span> <span class='ocrx_word' id='word_1_329' title='bbox 762 3843 847 3881; x_wconf 88' lang='lat' dir='ltr'>manu</span> <span class='ocrx_word' id='word_1_330' title='bbox 869 3824 957 3900; x_wconf 80' lang='lat' dir='ltr'>Regis</span> <span class='ocrx_word' id='word_1_331' title='bbox 977 3825 1077 3883; x_wconf 88' lang='lat' dir='ltr'>liberet</span> <span class='ocrx_word' id='word_1_332' title='bbox 1099 3827 1227 3896; x_wconf 86' lang='lat' dir='ltr'>tenenda,</span> <span class='ocrx_word' id='word_1_333' title='bbox 1251 3828 1329 3886; x_wconf 89' lang='lat' dir='ltr'>salvo</span> <span class='ocrx_word' id='word_1_334' title='bbox 1347 3829 1412 3905; x_wconf 88' lang='lat' dir='ltr'>jure</span> 
     </span>
     <span class='ocr_line' id='line_1_36' title="bbox 214 3921 1338 4000; baseline 0.003 -20"><span class='ocrx_word' id='word_1_335' title='bbox 214 3923 374 3999; x_wconf 80' lang='lat' dir='ltr'>cujuslibet</span> <span class='ocrx_word' id='word_1_336' title='bbox 417 3923 502 3980; x_wconf 89' lang='lat' dir='ltr'>Teste</span> <span class='ocrx_word' id='word_1_337' title='bbox 518 3922 598 3997; x_wconf 81' lang='lat' dir='ltr'>Rege</span> <span class='ocrx_word' id='word_1_338' title='bbox 611 3921 686 3998; x_wconf 83' lang='lat' dir='ltr'>opud</span> <span class='ocrx_word' id='word_1_339' title='bbox 701 3922 873 3982; x_wconf 79' lang='lat' dir='ltr'>Berewicum</span> <span class='ocrx_word' id='word_1_340' title='bbox 888 3942 971 4000; x_wconf 86' lang='lat' dir='ltr'>super</span> <span class='ocrx_word' id='word_1_341' title='bbox 985 3922 1119 3982; x_wconf 83' lang='lat' dir='ltr'>Twednm</span> <span class='ocrx_word' id='word_1_342' title='bbox 1133 3925 1170 3983; x_wconf 85' lang='lat' dir='ltr'>vii</span> <span class='ocrx_word' id='word_1_343' title='bbox 1185 3924 1230 3985; x_wconf 87' lang='lat' dir='ltr'>die</span> <span class='ocrx_word' id='word_1_344' title='bbox 1243 3925 1338 3985; x_wconf 86' lang='lat' dir='ltr'>Julii.”</span> 
     </span>
    </p>
   </div>
   <div class='ocr_carea' id='block_1_4' title="bbox 0 0 1804 4830">
    <p class='ocr_par' dir='ltr' id='par_1_7' title="bbox 0 0 1804 4830">
     <span class='ocr_line' id='line_1_37' title="bbox 0 0 1804 4830; baseline 0 0"><span class='ocrx_word' id='word_1_345' title='bbox 0 0 1804 4830; x_wconf 95' lang='lat' dir='ltr'> </span> 
     </span>
    </p>
   </div>
  </div>
 </body>
</html>
