3540 4830
647 495 847 538 nrrnnnrx.
1259 478 1322 551 227

199 644 228 692 Si
241 645 338 693 Domini
349 646 493 709 distringsnt
503 653 612 694 tenentes
622 661 677 694 snos
687 654 771 694 contrs
781 647 925 709 provisiones
935 648 1009 696 isotes
1019 662 1063 711 pro
1073 648 1212 711 hujusmodi
1223 656 1296 697 sects.
1334 646 1362 694 0.
1369 647 1439 710 xcib'.

203 724 242 775 De
252 731 321 774 eectie
331 730 465 776 subtrsetis.
1334 730 1360 777 C.
1369 728 1419 776 xix.

203 810 240 856 De
251 812 328 856 turnis
339 811 524 858 vicecomitum.

203 891 240 937 Nc
251 892 342 951 sliquid
354 892 462 951 cepistur
472 907 516 952 pro
526 893 609 953 pulcre
620 894 741 954 piscitsre.

203 972 242 1020 Dc
253 974 348 1020 dotibus
358 974 496 1022 mulierum.

202 1055 240 1101 De
251 1056 336 1101 ultime
346 1056 519 1115 presentstione
530 1056 693 1102 ecclesisrum.

203 1133 242 1181 De
252 1136 442 1183 sttscbismentis
453 1136 567 1183 {sciendis
578 1137 602 1181 in
614 1136 734 1192 brevibus,
746 1136 788 1182 nbi
799 1136 983 1183 sttscbisments
991 1136 1082 1197 iscent.

202 1216 273 1271 Quod
286 1218 376 1277 positus
387 1218 412 1263 in
424 1218 577 1278 inquisitione
589 1232 636 1264 non
649 1218 734 1263 bebest
745 1218 790 1263 nisi
802 1218 901 1263 unicum
912 1219 1038 1266 enoninm.

204 1298 241 1344 De
252 1299 298 1344 iilis
309 1300 351 1358 qui
363 1299 452 1347 hebent
463 1307 539 1346 certes
551 1300 709 1359 exemptionis
719 1307 744 1346 et
754 1299 878 1346 libertatis.

204 1379 231 1425 si
243 1380 311 1426 heres
321 1388 373 1441 post
384 1388 485 1429 mortem
496 1380 649 1427 enteceesor'n
659 1381 695 1426 sui
708 1381 754 1426 init
765 1380 828 1425 inire
838 1387 934 1427 aetem.

203 1540 229 1587 Si
241 1542 309 1587 heres
320 1543 344 1588 in
356 1549 432 1590 morte
443 1541 584 1589 entecersori
595 1541 632 1586 sui
644 1539 674 1586 de
682 1546 751 1587 etate.
1336 1546 1447 1609 (stem.
1457 1544 1540 1607 aviij.

204 1622 240 1669 De
252 1623 430 1681 hereditstibus,
441 1625 484 1684 qui
496 1623 526 1668 de
538 1621 604 1682 Rege
615 1628 728 1668 tenentur
739 1623 763 1667 in
775 1622 860 1682 ospite.
1334 1632 1362 1677 c,
1375 1629 1442 1676 siis.

204 1703 241 1749 De
252 1704 320 1749 terrie
331 1718 378 1763 qne
389 1710 501 1751 tenentur
511 1705 536 1748 in
547 1704 649 1762 soesgio.
1335 1714 1362 1760 c,
1371 1726 1426 1759 m,

202 1784 273 1839 Quod
282 1784 364 1830 nulius
374 1791 451 1844 ponet
461 1785 589 1831 smercisre
598 1784 704 1843 eiiqnem
719 1798 763 1844 pro
781 1783 870 1830 deislts
885 1783 1018 1830 oommnnb
1035 1781 1226 1829 summonitionis
1242 1787 1322 1841 preter
1335 1795 1362 1843 ς,
1370 1791 1437 1841 ω’,

166 1865 294 1925 ospitalem
305 1865 321 1914 J
324 1867 471 1914 usticisrium
482 1866 518 1912 vel
529 1866 694 1912 Justicisrium
706 1867 731 1912 in
744 1866 828 1912 itinere
838 1880 890 1913 sno.

203 1946 274 2001 Quod
286 1946 367 1993 nuilus
376 1952 472 1993 terimur
480 1947 562 2007 jursre
569 1961 612 2007 pro
620 1947 730 1994 aroneis.
1336 1945 1364 1991 0·
1376 1939 1450 2001 1an-

203 2025 292 2073 Nniins
302 2034 381 2073 teneet
393 2026 480 2086 pisoits
491 2026 521 2071 de
533 2026 591 2072 isiso
598 2027 691 2088 judicio
702 2034 802 2088 excepto
814 2026 888 2086 Repe.
1336 2026 1362 2074 C.
1370 2021 1455 2083 xxiiij.

203 2108 274 2162 Quod
285 2107 422 2154 vicecomes
432 2107 504 2153 debet
515 2106 646 2154 deiiberere
658 2109 737 2154 nemis
748 2109 837 2168 injuste
847 2116 925 2168 cepte.
1337 2108 1363 2155 C.
1372 2100 1466 2163 πῶϋ.

204 2187 293 2235 Nullus
303 2190 443 2248 respondent
454 2189 485 2234 de
496 2188 571 2235 libero
581 2196 717 2235 tenemento
725 2204 768 2235 suo
779 2190 830 2236 eine
841 2189 907 2236 brevi
919 2188 1000 2249 Regis.
1337 2187 1442 2235 arm·

205 2268 242 2314 De
255 2269 352 2316 Bsiliris
362 2270 405 2330 qni
416 2269 504 2315 debent
515 2276 652 2329 compotum
664 2269 774 2316 Dominis
784 2270 842 2317 sn'u.
1438 2262 1443 2273 ¹

204 2349 275 2404 Qnod
286 2350 383 2395 flrmsrii
396 2364 444 2397 non
456 2349 544 2395 tscism
556 2357 656 2397 rustum.

203 2432 274 2486 Quod
288 2430 367 2476 viliste
378 2444 426 2475 non
434 2429 594 2475 smercientnr
604 2430 629 2475 in
642 2430 727 2476 itinere
737 2429 938 2478 Justicisriorum.

204 2512 242 2558 De
253 2511 360 2557 murdro.

205 2594 243 2640 De
254 2593 300 2638 illis
311 2592 353 2652 qui
364 2591 440 2639 roosti
451 2598 508 2638 sunt
518 2591 549 2637 sd
561 2598 694 2639 murm
705 2606 785 2639 eornm
795 2590 939 2641 iusticisriis
949 2590 1123 2638 itinersntibus.

205 2675 242 2721 De
253 2674 344 2720 clericis
354 2673 448 2720 rectstis
456 2673 493 2718 vei
504 2673 635 2734 sppeilstir.

206 2757 243 2803 Dc
254 2756 343 2816 rapinis
354 2755 421 2802 nem
432 2754 528 2814 preistis
539 2754 627 2801 Ssncte
639 2754 753 2802 molere

207 2839 243 2885 De
255 2837 382 2884 dirse'ninis
392 2836 461 2882 fectis
471 2836 527 2882 siris
537 2836 666 2897 religionis

206 2922 244 2968 De
254 2921 320 2967 brevi
330 2921 361 2966 de
372 2920 488 2978 ingruu.

549 3057 678 3105 [nemim
696 3058 770 3106 Nou
786 3058 960 3107 i‘norrsrosrs.

209 3181 281 3226 Anno
292 3177 392 3226 Domini
404 3177 450 3225 Μ’.
463 3178 522 3226 (30⁰.
533 3180 678 3239 sengesimo
697 3180 804 3239 septimo,
820 3180 888 3240 regni
904 3186 985 3226 sutem
1002 3178 1101 3225 ilenrici
1116 3175 1189 3238 Regis
1199 3176 1241 3223 diii
1254 3174 1328 3237 Regis

172 3259 293 3305 Jobsnnis
309 3258 506 3316 qninqnsgesimo
517 3259 630 3314 secundo,
642 3260 666 3303 in
678 3260 773 3303 octsbss
784 3259 866 3304 Sancti
878 3258 985 3315 diutim,
1000 3259 1139 3319 providente
1156 3259 1207 3317 ipso
1223 3257 1328 3303 Domino

176 3339 243 3399 Rege
264 3337 294 3382 sd
316 3338 384 3395 regni
402 3338 438 3381 sui
455 3337 544 3395 Angiie
561 3337 747 3383 meiiorstionem
770 3345 793 3384 ct
815 3338 986 3384 exhibitionem
1005 3339 1110 3398 justicie,
1132 3344 1202 3397 prout
1231 3336 1328 3397 Regni·

174 3419 253 3466 Officii
265 3419 371 3478 exposcit
382 3416 480 3472 utilius,
493 3417 631 3477 pleniorem,
642 3419 777 3463 conrocstis
787 3417 964 3463 discretioribus
971 3418 1078 3478 qiusdem
1089 3418 1166 3478 regni,
1176 3424 1225 3464 tsrn
1236 3432 1266 3465 ex
1279 3433 1327 3464 ms·

170 3502 267 3565 Joribue
278 3514 350 3560 qusm
362 3499 501 3553 minoribus,
512 3498 612 3544 firmiter
622 3512 650 3544 sc
662 3499 829 3545 inriolsbiiiter
838 3506 919 3558 tempo
930 3495 937 3561 Ι
952 3500 1018 3545 ribus
1026 3499 1148 3559 perpessis
1158 3499 1302 3546 observetrn.
1330 3508 1372 3566 so,
1386 3506 1433 3551 un
1444 3512 1477 3553 ι’,

209 3583 271 3627 Cum
283 3583 363 3639 igitur,
374 3587 479 3639 tempore
490 3581 632 3626 turbetion'n
640 3594 717 3639 nuper
728 3581 753 3625 in
764 3595 838 3641 regno
847 3581 953 3635 suborto,
964 3586 989 3626 et
997 3580 1117 3641 deinceps,
1124 3580 1194 3626 ueniti
1206 3589 1327 3641 negantes
1337 3590 1367 3637 c,
1377 3589 1396 3634 .·,

175 3671 201 3711 et
220 3664 259 3708 eiii
276 3663 396 3722 justiciam
408 3676 456 3706 non
468 3660 561 3721 dignati
572 3661 661 3707 inerint
677 3663 781 3721 recipere
798 3677 841 3722 per
858 3661 990 3708 Domim
1008 3660 1098 3719 Regem
1114 3668 1139 3707 et
1155 3662 1246 3708 musra
1265 3662 1326 3722 ejus,

178 3752 248 3806 pront
261 3744 393 3789 debuersnt
412 3750 436 3788 et
453 3750 624 3788 consueverunt
641 3745 788 3803 temporibus
805 3742 997 3804 predecessorum
1014 3743 1087 3803 ipn'ns
1104 3742 1202 3788 Domini
1221 3741 1294 3803 Regis
1304 3750 1329 3789 et

175 3828 248 3873 etism
260 3833 365 3884 tempore
375 3838 418 3868 eno
431 3841 438 3879 3
453 3823 494 3869 sed
506 3823 536 3869 de
548 3824 631 3869 ricinis
641 3826 690 3870 suis
701 3831 725 3870 et
740 3825 792 3870 eliis
808 3838 852 3885 per
868 3838 893 3869 se
911 3824 972 3883 ipses
989 3824 1093 3885 grstiter
1112 3823 1214 3870 ultiones
1230 3824 1329 3870 iecerint

174 3914 201 3952 et
212 3921 294 3966 grsvss
305 3905 462 3951 districtiones
473 3918 598 3964 quousque
609 3904 783 3964 redemptiones
794 3905 926 3965 reciperent
936 3904 967 3950 sd
977 3904 1122 3951 voinntstem
1133 3918 1208 3950 snm
1235 3903 1266 3951 m
1276 3918 1330 3965 pre·

175 3994 242 4033 teron
259 3987 356 4046 quidem
375 4001 457 4032 eorum
476 4000 502 4032 se
516 3986 633 4047 justicisri
652 4001 700 4032 non
721 3986 859 4047 permittent
874 3999 918 4047 per
937 3986 1056 4032 ministros
1074 3985 1172 4033 Domini
1190 3982 1269 4047 Μὴ,
1286 4000 1331 4032 nec

175 4069 310 4114 «istincsnt
322 4068 386 4127 quod
398 4082 441 4128 per
454 4082 493 4113 eos
509 4067 641 4114 liberentur
654 4067 821 4123 districtiones,
839 4082 899 4127 ques
913 4068 1054 4115 suctositste
1071 4066 1167 4129 propris
1186 4067 1285 4114 fecerim
1299 4067 1331 4113 sd
