3540 4830
738 421 916 466 PBEFACE·
1358 424 1417 467 CCV

214 573 311 635 aerinis
323 579 354 631 et
365 571 456 630 aureis
468 590 503 630 ec
515 571 622 630 fontem
636 571 709 630 dicte
722 573 837 632 ecclesie
852 580 1065 649 supercreatum
1089 590 1153 630 cum
1176 571 1298 648 quodam
1322 592 1415 649 penno

213 690 301 730 aureo
314 670 392 728 mbei
405 677 436 727 et
448 668 540 726 decori
553 668 664 737 coloris,
678 679 706 728 et
719 670 821 729 ibidem
834 670 940 727 invenit
963 668 1121 727 Robertum
1142 669 1319 727 Wilhruham
1332 670 1416 727 anni·

211 786 323 844 gemm,
343 766 504 826 Johannem
522 765 671 824 Trenthall
685 775 714 824 et
727 765 906 841 quamplures
931 763 1048 821 eliorum
1071 765 1251 822 servientium
1276 765 1342 823 dicti
1366 767 1417 825 do·

214 864 286 922 mini
305 863 341 921 de
363 863 521 921 Beuumont
546 864 634 938 patrie
659 863 777 938 predicti
802 861 959 928 Willelmi;
979 862 1028 937 qui
1049 880 1116 919 vero
1141 861 1256 936 predicti
1272 862 1417 921 Robertus

214 959 392 1020 Wilbruham
405 967 435 1017 et
454 959 599 1018 Johennes
615 959 761 1017 Trenthall
784 959 836 1015 eibi
860 958 989 1016 dixerunt
1013 958 1167 1034 predictum
1189 959 1363 1016 Willelmum
1387 961 1417 1017 in

213 1057 378 1117 dictofmo
391 1057 480 1116 sancti
508 1057 624 1132 Georgii
636 1057 724 1114 fuisse
743 1066 850 1114 natum.
893 1056 947 1114 Per
961 1056 1037 1131 quod
1053 1057 1123 1114 bene
1138 1056 1237 1113 recolit
1250 1057 1325 1132 quod
1338 1057 1414 1115 idem

214 1155 378 1213 willelmus
390 1154 447 1211 fuit
458 1155 541 1212 etatis
555 1155 611 1211 xxii
624 1173 761 1212 annorum
776 1155 891 1211 infesto
906 1154 996 1210 sancti
1012 1154 1128 1230 Georgii
1150 1153 1249 1212 ultimo
1273 1154 1417 1230 preterito.

214 1251 325 1311 thome
337 1252 466 1309 Wulcote
479 1251 514 1309 de
529 1250 683 1329 Pykworth
698 1252 779 1308 etatis
792 1251 822 1307 lx
835 1270 972 1308 annorum
986 1252 1147 1327 etamplius
1167 1253 1254 1327 jurati
1273 1261 1302 1310 et
1315 1271 1365 1328 pro
1385 1271 1414 1309 ae

212 1350 363 1408 examinati
377 1349 412 1406 de
425 1356 455 1406 et
468 1368 551 1425 super
564 1357 665 1406 etatem
689 1348 806 1424 predicti
822 1348 955 1406 Willelmi
978 1350 1135 1406 Beaumont
1154 1351 1259 1417 militis,
1275 1350 1323 1425 qui
1337 1351 1372 1406 de
1386 1358 1416 1406 et

215 1466 300 1524 anper
317 1455 430 1515 etatem,
444 1445 479 1504 de
499 1445 552 1512 die,
576 1466 651 1504 anno
674 1455 703 1503 et
722 1445 784 1504 loco
808 1446 960 1503 nativitatis
982 1446 1097 1521 predicti
1111 1446 1248 1503 Willelmi
1265 1447 1416 1504 concordet

212 1565 278 1603 cum
290 1543 415 1621 predicto
430 1543 541 1600 'lhoma
556 1542 722 1621 Cleymond.
765 1543 804 1600 Et
817 1543 968 1618 requisitus
983 1542 1103 1618 qualiter
1117 1541 1170 1599 hoc
1185 1544 1245 1609 scit,
1260 1543 1327 1599 dicit
1338 1544 1414 1619 quod

212 1644 272 1719 ipae
285 1641 356 1699 vidit
369 1640 512 1698 Abbatem
526 1640 560 1696 de
575 1640 733 1705 Crowlaud,
748 1648 919 1715 compatrem
933 1639 1049 1714 predicti
1065 1638 1208 1706 willelmi,
1229 1650 1413 1715 exequentem

212 1738 335 1797 officium
348 1738 545 1813 baptiaaciouis
567 1737 692 1813 ejusdem
717 1737 861 1803 Willelmi,
883 1736 980 1794 eodem
1005 1744 1129 1811 tempore
1151 1735 1226 1811 quod
1249 1737 1324 1792 idem
1342 1735 1412 1793 Wil-

212 1836 312 1895 ulmus
335 1836 490 1911 baptizatus
510 1835 574 1901 fuit,
599 1854 648 1910 per
672 1835 748 1911 quod
771 1836 842 1892 bene
865 1833 961 1890 recolit
984 1832 1060 1907 quod
1083 1832 1157 1889 idem
1174 1832 1333 1889 Willelmue
1356 1832 1411 1890 fuit

212 1932 294 1990 etatis
318 1932 375 1989 xxii
399 1950 536 1988 annorum
563 1931 593 1986 iu
620 1931 693 1988 festo
717 1932 804 1988 sancti
839 1930 954 2006 Georgii
987 1930 1086 1986 ultimo
1117 1930 1258 2004 preterito.
1300 1929 1410 1987 Thome

214 2029 323 2087 Bowett
348 2028 431 2086 etatis
458 2027 468 2083 l
495 2047 632 2085 annorum
659 2037 689 2086 et
720 2027 840 2103 amplius
864 2029 952 2102 jurati
983 2030 1033 2085 hc.
1061 2027 1127 2085 dicit
1155 2027 1230 2103 quod
1257 2028 1317 2103 ipse
1349 2047 1411 2103 pre·

213 2145 277 2183 aene
289 2125 344 2182 fnit
362 2132 391 2180 et
404 2122 474 2180 vidit
489 2124 613 2191 Annam,
628 2132 807 2180 commatrem
822 2123 937 2198 predicti
957 2124 1104 2193 Willelmi,
1123 2125 1214 2201 ipsum
1236 2125 1410 2181 Willelmum

211 2224 349 2282 levantem
372 2222 406 2278 de
427 2241 506 2278 sacro
524 2221 603 2278 fonte
624 2220 722 2277 eodem
736 2229 868 2296 tempore,
883 2240 935 2296 per
948 2222 1024 2296 quod
1039 2224 1089 2278 dic.
1103 2222 1240 2279 Johannis
1256 2221 1410 2298 Robynson

212 2321 247 2378 de
262 2319 398 2398 Kyrlreby
412 2319 493 2376 etatis
512 2318 544 2374 lx
556 2336 693 2374 annorum
713 2327 742 2375 et
762 2318 881 2393 emplius
899 2320 985 2393 jurati
1007 2321 1057 2375 lic.
1080 2318 1147 2374 dicit
1167 2317 1241 2393 quod
1261 2318 1319 2392 ipse
1340 2317 1410 2374 vidit

212 2416 415 2491 Margaretam,
442 2433 530 2490 nuper
555 2433 669 2471 uxorem
693 2414 828 2470 Willelmi
853 2414 981 2490 Armeyn
1003 2412 1128 2478 militia*
1166 2419 1322 2486 portantem
1347 2432 1410 2488 pre·

211 2512 317 2571 dictum
344 2511 518 2569 Willelmum
545 2511 581 2567 ad
605 2510 750 2568 ecclesiam
774 2510 926 2586 predictam
947 2509 1145 2584 baptizandum
1165 2509 1194 2565 in
1218 2508 1317 2566 eodem
1337 2509 1410 2568 festo

212 2611 301 2667 suncti
329 2608 457 2683 Georgii,
492 2626 548 2682 quo
581 2606 654 2662 idem
689 2605 849 2664 Willelmus
883 2606 1041 2681 baptizatus
1075 2606 1137 2673 fuit,
1166 2625 1216 2682 per
1250 2606 1325 2681 quod
1359 2610 1410 2664 &c

212 2706 329 2765 Henrici
352 2704 476 2763 Everard
497 2704 532 2760 de
553 2704 722 2780 Lavyngton
743 2704 828 2761 etatis
842 2704 919 2760 xlviii
933 2722 1069 2761 annornm
1079 2704 1166 2779 jurati
1190 2712 1238 2763 &c
1254 2703 1410 2780 dicitquod

211 2804 270 2881 ipse
280 2803 400 2880 portavit
414 2801 555 2877 quendam
568 2801 696 2857 torticem
717 2800 861 2857 ardentem
874 2820 968 2859 coram
989 2821 1090 2877 corpus
1111 2802 1228 2877 predicti
1243 2801 1409 2860 Willelmia

211 2899 335 2975 predicta
362 2897 479 2954 ecclesia
506 2896 541 2952 de
570 2895 738 2953 Eddenham
765 2916 854 2972 usque
878 2897 914 2954 ad
941 2900 1094 2955 manerium
1119 2899 1153 2955 de
1182 2899 1408 2977 Grymesthorp†

244 3088 258 3116 θ
275 3083 315 3130 sir
325 3081 432 3128 Williem
443 3080 551 3135 Armine,
563 3079 658 3139 knight,
669 3079 696 3124 ol
711 3078 829 3138 Oegodby,
840 3094 855 3125 a
866 3080 955 3126 hamlet
971 3082 998 3127 oi
1014 3083 1055 3129 tho
1072 3084 1151 3143 parirh
1167 3084 1194 3130 oi
1211 3083 1304 3143 Kirkby
1316 3084 1410 3130 Under·

211 3165 286 3219 wood,
302 3165 412 3224 adjacent
423 3169 447 3208 to
460 3161 592 3216 Edenham,
604 3162 623 3205 ia
633 3160 683 3206 eald
696 3168 720 3206 to
731 3161 790 3207 hove
807 3163 909 3208 married
920 3178 935 3208 a
946 3164 1065 3224 daughter
1074 3166 1123 3211 and
1133 3166 1220 3211 heireea
1230 3165 1257 3211 oi
1272 3166 1374 3212 Brittain
1386 3167 1413 3212 oi

212 3244 502 3292 Bamreeton-doubtleeo
513 3245 560 3289 thiu
572 3243 700 3301 Margaret.

242 3325 440 3383 †Grimethorpe
458 3338 504 3368 wua
522 3338 536 3367 u
548 3337 631 3367 monor
646 3323 670 3367 in
690 3322 823 3378 Edenham,
835 3324 883 3369 and
895 3325 1014 3385 anciently
1031 3325 1057 3370 oi
1074 3327 1104 3372 ita
1119 3327 1183 3372 eolre.
1217 3327 1363 3373 “Gilbertue
1379 3326 1409 3372 de

211 3408 294 3453 Gaunt
310 3412 375 3451 tenet
392 3405 516 3451 Edenhum
529 3412 552 3450 et
563 3404 645 3449 uoltum
657 3405 681 3449 in
693 3404 813 3450 dominico
824 3406 854 3451 de
866 3406 964 3451 baronia
979 3409 1049 3461 eua,'⁸
1060 3408 1079 3452 is
1090 3423 1120 3452 un
1132 3415 1200 3467 entry
1211 3408 1235 3452 in
1248 3408 1288 3453 tho
1299 3406 1368 3452 Terta
1379 3406 1409 3451 de

211 3487 290 3533 Nevill
308 3487 385 3532 under
402 3486 543 3542 Belteelew5
559 3487 606 3531 and
620 3487 643 3530 in
656 3487 696 3531 the
714 3486 819 3531 Nomina
836 3486 961 3540 Villerum,
973 3487 987 3531 9
1001 3487 1070 3533 Edw.
1083 3488 1118 3534 ll.
1132 3488 1204 3544 1316,
1222 3487 1350 3541 Edioham,
1363 3483 1407 3531 Su·

210 3570 303 3629 thorpe,
317 3567 445 3628 Eyleatorp,
454 3568 642 3626 Grummaetorp,
654 3568 702 3611 and
714 3568 872 3626 Scotilthorpe
884 3581 924 3611 are
936 3567 1057 3611 (described
1069 3582 1095 3612 aa
1105 3581 1150 3612 one
1162 3568 1202 3612 vill
1215 3568 1239 3612 in
1252 3566 1408 3613 Belitoelewe.

211 3651 240 3696 ln
253 3651 292 3695 the
304 3648 371 3708 reign
383 3648 409 3693 ol
419 3647 500 3708 Henry
512 3649 551 3695 the
563 3648 665 3702 Second,
685 3647 772 3692 llobert
790 3645 930 3703 Fitz-llugh
946 3646 972 3689 oi
986 3645 1103 3691 Totemolo
1115 3647 1169 3692 held
1182 3662 1227 3693 one
1239 3646 1324 3705 knight
1335 3647 1382 3691 and
1394 3661 1409 3691 ι

209 3730 262 3776 hall
271 3729 297 3775 oi
306 3729 346 3774 the
357 3728 467 3774 demeare
476 3730 502 3774 ol
518 3728 642 3772 Edcnham
657 3746 662 3782 ;
680 3728 727 3771 and
740 3727 777 3770 hia
788 3725 941 3780 descendant,
951 3724 1038 3770 Robert
1050 3727 1079 3770 de
1090 3726 1217 3782 Turenum,
1229 3728 1253 3771 in
1265 3727 1305 3772 the
1317 3727 1374 3772 time
1385 3729 1411 3773 ol

210 3812 275 3871 liing
285 3809 359 3865 John,
371 3808 418 3854 had
431 3809 454 3853 in
468 3807 614 3866 Grimcotorp
632 3807 672 3851 the
689 3806 731 3851 fies
744 3806 770 3849 ol
787 3820 801 3849 a
812 3804 918 3849 fineenth
931 3811 984 3862 part
996 3805 1022 3849 oi
1038 3820 1083 3851 ono
1095 3806 1188 3866 knight,
1201 3807 1278 3852 which
1292 3807 1366 3867 Hugh
1378 3809 1409 3854 de

210 3891 295 3946 Neruii,
307 3891 417 3943 Graecus,
429 3887 493 3932 held.
530 3886 557 3931 ln
577 3887 613 3930 hie
632 3885 788 3930 descendente
804 3884 851 3930 thia
869 3898 952 3928 monor
964 3885 1092 3930 continued
1106 3886 1142 3931 ior
1152 3885 1240 3933 several
1252 3889 1409 3947 generatione,

209 3972 270 4019 until
287 3974 305 4018 it
323 3987 370 4017 war
386 3969 500 4028 acquir-ed
514 3970 543 4027 by
555 3969 595 4013 the
608 3968 659 4013 lord
672 3967 698 4012 oi
716 3968 756 4012 tho
767 3967 814 4023 hei,
823 3965 898 4022 John,
912 3965 1026 4012 Visrount
1041 3968 1181 4026 Beaumont,
1194 3972 1246 4015 who
1258 3970 1327 4016 made
1339 3971 1357 4016 it
1374 3971 1410 4016 hie
