3540 4830
463 489 722 536 vrosoosrrrusr
748 491 1034 537 sonnonrsausr.
1256 479 1315 537 15³

171 660 284 703 versus
304 660 429 719 ornnes,
451 651 519 705 tarn
533 641 659 707 Judeos
684 665 781 728 quam
797 642 1020 723 Christianos3
1045 652 1079 708 et
1092 653 1207 729 postea
1220 664 1318 709 vene·

172 754 249 808 runt
262 743 297 807 iu
317 766 441 809 camera
452 744 625 826 Gildhalie,
639 745 695 811 ubi
707 746 918 811 Aldermanni
933 756 967 813 et
980 748 1145 833 predictus
1153 748 1317 813 Walterus

171 866 246 907 cum
262 845 487 911 innumerabili
508 849 629 933 populo
644 848 828 934 congregati
847 850 978 914 bierunt
989 875 998 929 ;
1021 860 1055 916 et
1069 850 1178 917 audita
1197 851 1318 917 discor·

173 946 236 1025 dia,
248 970 310 1033 que
325 949 388 1014 fuit
404 948 490 1014 inter
503 950 741 1015 Aldermannos
757 961 791 1015 et
812 951 921 1036 ipsum
936 951 1130 1033 Walterum,
1152 954 1318 1039 predictus

174 1047 293 1115 Comes
309 1051 423 1116 videns
444 1061 571 1117 tantum
586 1053 745 1138 populum
765 1053 975 1119 adherentem
996 1055 1084 1121 dicto
1099 1056 1256 1136 Waltero,
1275 1078 1317 1121 ne

171 1152 387 1236 tranquillitas
413 1153 564 1218 Civitatis
595 1154 837 1240 perturbaretur
859 1155 963 1220 voluit
984 1178 1059 1221 eum
1091 1157 1125 1222 in
1156 1158 1315 1223 Maiorem

173 1253 326 1332 (admitti.
371 1255 430 1320 Set
458 1256 670 1320 Aldermanni
697 1255 849 1320 dixerunt
876 1255 906 1320 ei
935 1258 1023 1341 quod
1048 1259 1127 1323 illud
1151 1260 1314 1344 negotium
1323 1278 1363 1337 so.
1378 1277 1471 1328 lutra

173 1355 318 1438 positum
338 1356 400 1421 fuit
425 1357 459 1421 in
485 1357 617 1423 arbitrio
632 1357 742 1422 decem
759 1357 914 1436 virorum,
929 1359 1013 1423 sicut
1027 1361 1241 1446 prescriptum
1257 1372 1318 1427 est

175 1456 295 1523 Comes
310 1481 397 1538 vero,
412 1460 650 1545 parvipendens
662 1459 741 1524 illud
755 1459 935 1538 arbitrium,
951 1461 1051 1544 jussit
1065 1471 1103 1525 ut
1117 1462 1152 1526 in
1167 1464 1319 1543 crastino,

173 1560 288 1625 scilicit
323 1561 374 1626 die
398 1562 546 1639 Veneris,
571 1571 819 1646 congregaretur
843 1562 1073 1628 folkesmotum
1103 1564 1138 1629 in
1161 1566 1318 1631 cimiterio

173 1661 215 1725 ad
230 1684 358 1727 crucem
374 1663 485 1728 Sancti
502 1663 614 1742 Pauli3
637 1675 670 1727 et
681 1664 775 1749 cujus
790 1663 939 1730 electioni
955 1665 1057 1731 maior
1070 1689 1145 1752 pars
1170 1669 1320 1734 Civitatis

173 1765 345 1830 assentiret
359 1765 421 1831 hoc
436 1787 522 1831 anuo
537 1766 646 1832 Maior
660 1779 849 1833 remaneret

219 1867 259 1930 In
285 1869 425 1933 crastino
454 1880 564 1934 autem
594 1868 787 1934 universitas
814 1869 964 1935 Civitatis
989 1870 1079 1935 venit
1108 1871 1141 1936 iu
1163 1871 1321 1938 cimiterio

173 1968 283 2034 Sancti
295 1971 397 2051 Pauli,
416 1981 450 2036 et
463 1972 746 2057 Archiepiscopus,
759 1972 890 2053 Comes,
906 1972 1068 2038 Robertus
1084 1974 1216 2053 Burnel,
1230 1974 1322 2038 Wal-

173 2081 262 2137 terus
287 2074 327 2138 de
351 2074 515 2154 Mertoua,
539 2084 573 2140 et
598 2074 692 2139 multi
714 2075 767 2139 alii
787 2086 953 2161 magnates
972 2089 1132 2142 venerunt
1156 2078 1196 2142 ad
1221 2077 1322 2143 ecele-

174 2174 255 2240 siam
270 2176 381 2242 Sancti
397 2178 509 2257 Pauli3
533 2176 588 2262 qui
603 2176 762 2241 intrantes
773 2176 894 2243 ibidem
909 2178 1086 2264 capitulum
1099 2200 1173 2244 cum
1188 2179 1321 2264 quibus·

176 2278 250 2342 dam
271 2279 511 2360 Aldenuannis,
534 2279 694 2345 dederunt
708 2279 755 2344 eis
770 2280 954 2360 consilium,
968 2292 1007 2346 ut
1025 2283 1221 2347 assentirent
1240 2280 1321 2346 elec-

174 2381 256 2444 tioni
281 2382 368 2446 illius
390 2382 537 2461 Walteri,
563 2392 601 2447 ut
626 2391 714 2447 esset
742 2381 850 2447 Maior
886 2384 1091 2449 solummodo
1127 2405 1185 2468 per
1218 2404 1321 2447 unum

174 2503 307 2560 annum,
317 2505 358 2548 ne
373 2485 467 2569 pejus
481 2484 626 2551 eveniret
641 2485 674 2549 in
690 2483 841 2550 Civitate.
887 2486 957 2570 Ipsi
971 2508 1049 2551 vero
1060 2486 1208 2551 videntes
1223 2485 1319 2551 talern

173 2604 245 2648 esse
259 2583 461 2650 voluntatem
486 2586 614 2651 illorum
640 2598 838 2671 magnatum,
862 2597 896 2653 et
921 2589 1009 2674 quod
1034 2589 1126 2654 aliter
1140 2599 1220 2652 tunc
1239 2598 1322 2652 tem-

174 2686 262 2773 poris
278 2709 344 2753 non
359 2689 468 2774 potuit
488 2690 568 2770 fieri,
591 2690 633 2755 ad
655 2690 719 2756 hoc
733 2690 944 2775 praebuerunt
965 2713 1145 2769 assensum,
1159 2700 1193 2755 et
1206 2700 1322 2754 vocato

174 2790 319 2876 predicto
335 2792 481 2858 Waltero
497 2815 605 2859 coram
620 2793 679 2872 eis,
703 2792 826 2857 dictum
842 2803 893 2858 est
915 2794 1003 2879 quod
1023 2794 1144 2859 factum
1160 2792 1233 2857 fuit.
1277 2793 1323 2856 Et

173 2903 252 2958 tunc
271 2915 329 2980 per
357 2894 594 2961 ordinationem
610 2893 828 2980 predictorum
846 2893 1100 2980 Archiepiseopi‚
1116 2892 1266 2968 Comitis,
1289 2905 1324 2958 et

173 2997 308 3061 aliorum
324 3006 523 3083 magnatum,
536 2996 658 3082 juravit
680 2994 786 3060 dictim
801 2995 979 3074 Walterus,
994 2995 1081 3080 quod
1096 3015 1163 3059 non
1177 3006 1324 3079 gravaret

174 3099 226 3163 vel
239 3119 370 3183 gravare
395 3098 608 3184 permitteret,
628 3108 699 3163 toto
725 3108 873 3183 tempore
889 3096 1071 3161 Maioratus
1094 3095 1156 3174 sui,
1182 3095 1321 3179 aliquem

174 3201 215 3265 de
234 3199 308 3277 illis,
323 3199 379 3283 qui
393 3210 506 3264 eontra
520 3200 710 3265 electionem
735 3221 827 3264 suam
851 3198 1045 3275 extiterant3
1070 3206 1104 3261 et
1122 3198 1167 3261 ita
1182 3197 1323 3260 declara·

173 3311 245 3365 tum
271 3309 323 3364 est
340 3320 400 3384 per
424 3299 606 3365 Walterum
627 3300 668 3366 de
692 3301 847 3366 Mertona
869 3299 910 3364 ad
936 3320 1065 3363 crucem
1089 3298 1201 3363 Sancti
1231 3298 1322 3362 Pauli

173 3422 282 3468 eoram
308 3399 399 3464 omui
424 3401 558 3486 populo,
580 3403 669 3486 quod
684 3400 896 3469 Aldermanni
921 3410 1131 3466 usenserunt
1154 3399 1243 3484 quod
1268 3400 1325 3466 ille

173 3504 337 3570 Walterus
353 3502 396 3569 sit
411 3503 519 3569 Maior
534 3503 589 3570 illo
604 3526 701 3571 anno.

216 3608 342 3674 Quarto
358 3606 410 3671 die
433 3615 510 3691 post
533 3618 672 3672 mortem
692 3608 801 3694 Regis,
820 3605 953 3685 scilieet,
967 3605 1002 3671 in
1025 3604 1109 3670 leste
1127 3603 1239 3670 Sancti
1255 3603 1323 3670 Ed·

173 3709 287 3776 mundi
304 3707 413 3792 Regis,
428 3717 508 3773 tunc
531 3708 689 3794 temporis
715 3709 768 3774 dic
783 3707 967 3786 Domiuiea,
982 3728 1100 3792 corpus
1116 3728 1213 3770 suum
1229 3704 1323 3771 nobi-

171 3813 246 3877 liter
270 3818 481 3889 attornatum‚
510 3809 595 3875 sicut
623 3810 717 3876 decet
743 3812 859 3898 Reges,
883 3811 996 3874 datum
1022 3819 1074 3874 est
1097 3808 1263 3894 sepulture
1288 3809 1322 3874 in

172 3915 307 3981 ecclesia
321 3912 527 3978 conventuali
554 3914 795 3981 Monachorum
809 3913 895 3999 apud
904 3911 1235 3977 Westmonaaterium
1246 3920 1323 3975 ante

173 4040 326 4104 magnum
355 4014 464 4082 altare.
518 4017 598 4102 Ipso
627 4039 704 4083 vero
730 4019 870 4104 sepulto,
899 4015 1172 4102 Arcbiepiscopus
1198 4013 1323 4078 Ebora-

217 4142 331 4186 csuu.
355 4141 427 4184 soc.
927 4141 947 4184 x
