3540 4830
448 442 707 491 vicacourrurr
732 437 1017 485 nouuoursanrs.
1261 416 1304 477 ⁵9

155 596 251 663 cario.
297 598 373 683 Ipse
388 617 465 660 vero
484 595 518 659 in
545 594 685 659 mantino
700 592 763 657 fuit
776 598 982 676 presentatus
996 584 1151 674 predictis
1166 582 1303 649 Beroni-

155 699 216 763 bus
242 700 329 783 apud
356 696 705 774 westmonasterium
738 704 789 758 set
813 714 880 758 non
909 693 972 757 init
994 690 1167 768 admissus,
1193 685 1303 772 probi·

154 799 252 865 bente
273 800 418 865 Domino
434 802 523 884 Rege
542 797 712 883 perbreve
738 817 846 873 suum,
860 794 916 879 qui
938 792 1033 858 valde
1056 799 1166 855 motus
1190 787 1254 852 luit
1267 786 1301 850 in

153 900 233 964 iram
249 900 403 965 adversus
418 899 580 964 civitatem
595 897 742 984 pluribus
754 896 795 960 de
809 895 924 959 causis.

200 1003 320 1068 Postea
343 1001 506 1066 Dominus
534 1001 616 1077 Rex,
631 998 687 1083 qui
712 1007 807 1062 antea
831 996 964 1060 miserat
986 994 1110 1060 litteras
1128 1012 1204 1056 suas
1223 988 1304 1074 Regi

157 1102 291 1167 Francie
320 1102 427 1167 standi
456 1100 588 1166 arbitrio
611 1122 683 1179 suo,
712 1098 753 1163 de
781 1096 994 1162 contencione
1023 1096 1109 1161 inter
1133 1094 1242 1179 ipsum
1271 1101 1307 1156 et

157 1204 301 1269 Berones
315 1203 436 1283 habita,
451 1202 671 1268 transfretavit
684 1201 718 1265 in
734 1199 922 1284 Septimana
937 1198 1063 1263 Natalis
1086 1207 1121 1262 et
1143 1195 1307 1260 Dominus

156 1308 338 1372 Edwardus
360 1318 394 1372 et
418 1307 473 1370 alii
491 1307 531 1371 de
546 1305 681 1369 consilio
697 1324 769 1381 suo,
783 1301 824 1366 ad
840 1302 1075 1387 parlamentum
1092 1299 1190 1384 Regis
1206 1300 1307 1362 Fran·

157 1409 215 1473 cie.
261 1409 388 1488 Petrus,
403 1428 491 1487 vero,
506 1407 547 1471 de
563 1407 691 1485 Monte,
706 1404 882 1489 etquidem
896 1403 949 1467 alii
964 1424 1007 1467 ex
1021 1412 1114 1487 parte
1130 1401 1308 1478 Beronum,

158 1530 295 1594 quorum
303 1510 413 1574 literas
427 1509 543 1573 eodem
555 1509 653 1573 modo
668 1506 833 1592 predictus
851 1505 921 1570 llex
932 1502 1048 1568 habuit
1057 1512 1208 1589 patentes
1219 1500 1308 1587 quod

158 1622 282 1676 starent
296 1610 429 1676 arbitrio
445 1633 516 1690 suo,
531 1612 830 1674 transfretaverunt.

203 1714 273 1777 Rex
288 1721 397 1775 autem
413 1711 590 1795 predictus,
605 1710 657 1776 die
673 1709 830 1775 Mercurii
845 1718 920 1772 ante
935 1706 1181 1771 conversionem
1197 1703 1306 1770 Sancti
1322 1709 1357 1756 ⁰²
1367 1705 1467 1782 arbirio
1490 1769 1496 1780 ,

160 1815 262 1894 Pauli,
284 1814 457 1878 declaravit
476 1812 645 1877 arbitrium
660 1835 768 1886 suum,
784 1812 876 1897 cujus
892 1820 986 1876 tenor
1000 1810 1074 1874 talis
1088 1819 1149 1873 est
1193 1813 1214 1845 “
1224 1808 1309 1886 Nos,

158 1917 306 2003 partibus
332 1916 518 1980 convocatis
543 1915 724 1995 Ambianis,
750 1913 895 1980 Domino
920 1914 1008 1999 Rege
1033 1912 1149 1998 Anglie
1174 1932 1310 1997 person·

159 2017 262 2096 aliter,
277 2026 311 2081 et
325 2016 518 2101 quibusdam
533 2017 574 2080 de
591 2014 774 2080 Beronibus
795 2035 854 2098 per
880 2035 925 2090 se,
937 2024 972 2079 et
985 2014 1056 2078 aliis
1081 2035 1140 2099 per
1157 2033 1310 2099 procura·

159 2127 246 2182 tores
270 2116 534 2201 comparentibus
558 2139 665 2181 coram
687 2115 794 2195 nobis,
811 2115 930 2180 auditis
945 2115 1022 2180 hinc
1041 2115 1117 2180 inde
1132 2113 1310 2202 propositis

159 2231 194 2287 et
209 2219 463 2299 defensionibus,
478 2242 515 2284 eo
538 2218 720 2285 rationibus
741 2219 884 2305 partium
907 2218 1036 2305 plenius
1061 2218 1245 2296 intellectis,
1260 2227 1310 2283 st·

160 2324 331 2388 tendentes
346 2343 405 2407 per
420 2322 632 2407 provisiones,
647 2322 879 2399 ordinationes,
894 2331 1027 2397 statuta,
1038 2331 1073 2387 et
1095 2321 1310 2407 obligationes

161 2423 302 2502 Oronie,
317 2432 351 2487 et
377 2443 436 2506 per
459 2443 508 2500 ea,
523 2444 586 2507 que
610 2444 651 2487 ex
677 2423 724 2486 eis
747 2432 782 2486 et
807 2422 977 2487 occasione
997 2443 1111 2487 sonim
1135 2422 1311 2488 subsecuta

73 2580 77 2587 .
162 2536 250 2604 sunt,
261 2525 328 2610 juri
353 2536 387 2590 et
411 2525 529 2589 honori
555 2524 643 2610 regio
669 2524 847 2611 plurimum
871 2525 974 2590 fuisse
1003 2525 1196 2608 detractum,
1219 2529 1312 2613 regni

161 2627 392 2706 turbationem,
418 2625 625 2691 ecclesiarum
655 2626 898 2711 depressionem
923 2637 958 2692 et
986 2628 1262 2713 depredationem,
1277 2642 1312 2697 et

160 2731 231 2795 eliis
247 2729 395 2816 personis
409 2729 512 2814 ipsius
527 2729 628 2814 regni,
639 2729 863 2794 ecclesiasticis
879 2740 913 2794 et
929 2731 1139 2812 secularibus,
1150 2733 1311 2820 indigenis

160 2844 195 2900 et
220 2832 419 2917 alienigenis,
437 2832 627 2916 gravissima
642 2832 812 2919 dispendia
825 2833 1036 2919 provenisse;
1058 2845 1102 2914 et,
1117 2836 1205 2916 quod
1227 2839 1313 2903 veri·

161 2936 309 3001 similiter
332 2932 517 3014 timebatur,
541 2955 583 2998 ne
602 2935 749 3019 graviora
774 2935 977 3019 contigerent
990 2936 1024 3000 in
1049 2938 1207 3018 futurum,
1222 2961 1312 3004 com·

161 3040 326 3105 municato
340 3036 501 3101 bonorum
513 3046 547 3102 et
556 3048 743 3123 magnatum
758 3039 906 3118 consilio,
921 3040 1082 3125 predictas
1097 3042 1312 3126 provisiones,

159 3140 392 3216 ordinationes,
404 3148 535 3217 statuta,
547 3150 581 3204 et
592 3139 816 3225 obligationes,
828 3161 1021 3226 quocunque
1035 3143 1167 3208 nomine
1178 3154 1312 3211 tenean-

160 3251 225 3317 tur,
240 3249 273 3303 et
299 3239 452 3323 quioquid
475 3260 515 3303 ex
542 3241 599 3319 eis,
614 3241 667 3305 vel
690 3241 859 3306 occasione
884 3263 1006 3321 earum,
1021 3242 1234 3309 subsecutum
1248 3258 1310 3328 est,

164 3362 223 3426 per
238 3338 361 3403 dictum
377 3350 526 3403 nostmm
542 3351 576 3404 et
590 3341 830 3407 ordinationem
852 3354 999 3407 nostram
1013 3365 1180 3410 cassamus
1195 3356 1229 3412 et
1239 3348 1310 3413 irri-

161 3452 288 3518 tamus;
318 3439 458 3503 maximi
481 3462 556 3504 cum
581 3452 734 3526 appareat
763 3464 928 3506 summum
954 3443 1145 3509 Pontificem
1172 3467 1227 3510 eas
1253 3470 1311 3533 per

162 3564 237 3607 suas
252 3541 376 3604 litteras
391 3561 498 3604 cassas
514 3551 548 3606 et
572 3541 679 3606 irrites
702 3542 894 3621 nunciasse3
917 3542 1115 3624 ordinantes,
1130 3549 1218 3631 quod
1244 3559 1311 3615 tam

163 3645 269 3710 dictus
285 3643 356 3706 Rex
380 3664 477 3726 quam
494 3645 650 3724 Berones,
666 3655 700 3709 et
725 3646 778 3709 alii
805 3645 988 3730 quicunque
1003 3649 1147 3731 presenti
1162 3670 1312 3736 compro·

161 3748 262 3812 misso
285 3756 533 3825 consenserunt,
548 3757 582 3811 et
606 3748 646 3812 de
666 3747 821 3832 predictis
841 3745 1052 3813 observandis
1069 3771 1311 3841 sequocunque

162 3849 260 3913 modo
276 3846 506 3926 astrinxerunt,
522 3848 611 3913 sede
632 3849 754 3913 eisdem
771 3849 917 3933 quietent
932 3850 1062 3933 penitus
1081 3863 1115 3918 et
1129 3853 1312 3923 absolvant.

161 3949 343 4034 Adjicimus
358 3948 455 4013 etiam
471 3949 570 4034 quod,
584 3972 624 4016 ex
639 3950 673 4015 vi
685 3971 742 4016 seu
768 3950 891 4015 viribus
911 3951 1129 4037 predictarum
1152 3957 1312 4041 provisio-

1322 1772 1513 1835 aarum
