<?xml version="1.0" encoding="UTF-8"?>
<!DOCTYPE html PUBLIC "-//W3C//DTD XHTML 1.0 Transitional//EN"
    "http://www.w3.org/TR/xhtml1/DTD/xhtml1-transitional.dtd">
<html xmlns="http://www.w3.org/1999/xhtml" xml:lang="en" lang="en">
 <head>
  <title>
</title>
<meta http-equiv="Content-Type" content="text/html;charset=utf-8" />
  <meta name='ocr-system' content='tesseract 3.04.00' />
  <meta name='ocr-capabilities' content='ocr_page ocr_carea ocr_par ocr_line ocrx_word'/>
</head>
<body>
  <div class='ocr_page' id='page_1' title='image "./deantiquislegib01fitzgoog_0310.png"; bbox 0 0 3540 4830; ppageno 0'>
   <div class='ocr_carea' id='block_1_1' title="bbox 471 482 1324 552">
    <p class='ocr_par' dir='ltr' id='par_1_1' title="bbox 471 482 1324 552">
     <span class='ocr_line' id='line_1_1' title="bbox 471 482 1324 552; baseline -0.007 -6"><span class='ocrx_word' id='word_1_1' title='bbox 471 501 728 548; x_wconf 77' lang='lat' dir='ltr'><strong>vrosoorsmnrs</strong></span> <span class='ocrx_word' id='word_1_2' title='bbox 755 497 1040 544; x_wconf 63' lang='lat' dir='ltr'><strong>cennomannis.</strong></span> <span class='ocrx_word' id='word_1_3' title='bbox 1282 482 1324 552; x_wconf 82' lang='grc'><strong>37</strong></span> 
     </span>
    </p>
   </div>
   <div class='ocr_carea' id='block_1_2' title="bbox 178 647 1564 4002">
    <p class='ocr_par' dir='ltr' id='par_1_2' title="bbox 178 647 1337 2162">
     <span class='ocr_line' id='line_1_2' title="bbox 179 647 1329 740; baseline -0.005 -20"><span class='ocrx_word' id='word_1_4' title='bbox 179 653 220 720; x_wconf 88' lang='lat' dir='ltr'><strong>de</strong></span> <span class='ocrx_word' id='word_1_5' title='bbox 242 653 396 740; x_wconf 74' lang='lat' dir='ltr'><strong>predictis</strong></span> <span class='ocrx_word' id='word_1_6' title='bbox 419 664 493 720; x_wconf 85' lang='lat' dir='ltr'><strong>octo</strong></span> <span class='ocrx_word' id='word_1_7' title='bbox 514 654 593 719; x_wconf 80' lang='lat' dir='ltr'><strong>viris</strong></span> <span class='ocrx_word' id='word_1_8' title='bbox 614 652 783 718; x_wconf 85' lang='lat' dir='ltr'><strong>eonvictus</strong></span> <span class='ocrx_word' id='word_1_9' title='bbox 803 649 866 714; x_wconf 84' lang='lat' dir='ltr'><strong>fuit</strong></span> <span class='ocrx_word' id='word_1_10' title='bbox 888 648 1009 734; x_wconf 77' lang='lat' dir='ltr'><strong>aliquid</strong></span> <span class='ocrx_word' id='word_1_11' title='bbox 1034 647 1120 713; x_wconf 76' lang='lat' dir='ltr'><strong>mele</strong></span> <span class='ocrx_word' id='word_1_12' title='bbox 1144 647 1329 735; x_wconf 85' lang='lat' dir='ltr'><strong>deliquisse.</strong></span> 
     </span>
     <span class='ocr_line' id='line_1_3' title="bbox 178 749 1331 841; baseline -0.007 -21"><span class='ocrx_word' id='word_1_13' title='bbox 178 753 271 821; x_wconf 85' lang='lat' dir='ltr'><strong>Tunc</strong></span> <span class='ocrx_word' id='word_1_14' title='bbox 297 756 452 841; x_wconf 86' lang='lat' dir='ltr'><strong>temporis</strong></span> <span class='ocrx_word' id='word_1_15' title='bbox 476 755 553 819; x_wconf 86' lang='lat' dir='ltr'><strong>novi</strong></span> <span class='ocrx_word' id='word_1_16' title='bbox 579 754 789 819; x_wconf 82' lang='lat' dir='ltr'><strong>Aldermsnni</strong></span> <span class='ocrx_word' id='word_1_17' title='bbox 811 752 904 817; x_wconf 91' lang='lat' dir='ltr'><strong>electi</strong></span> <span class='ocrx_word' id='word_1_18' title='bbox 932 761 1010 815; x_wconf 86' lang='lat' dir='ltr'><strong>sunt</strong></span> <span class='ocrx_word' id='word_1_19' title='bbox 1034 771 1093 836; x_wconf 87' lang='lat' dir='ltr'><strong>per</strong></span> <span class='ocrx_word' id='word_1_20' title='bbox 1118 749 1267 826; x_wconf 81' lang='lat' dir='ltr'><strong>Wsrdes,</strong></span> <span class='ocrx_word' id='word_1_21' title='bbox 1296 758 1331 813; x_wconf 88' lang='lat' dir='ltr'><strong>et</strong></span> 
     </span>
     <span class='ocr_line' id='line_1_4' title="bbox 180 852 1332 943; baseline -0.006 -21"><span class='ocrx_word' id='word_1_22' title='bbox 180 858 279 943; x_wconf 85' lang='lat' dir='ltr'><strong>positi</strong></span> <span class='ocrx_word' id='word_1_23' title='bbox 309 858 342 923; x_wconf 92' lang='lat' dir='ltr'><strong>in</strong></span> <span class='ocrx_word' id='word_1_24' title='bbox 367 857 502 942; x_wconf 86' lang='lat' dir='ltr'><strong>singulis</strong></span> <span class='ocrx_word' id='word_1_25' title='bbox 528 856 659 921; x_wconf 83' lang='lat' dir='ltr'><strong>Wnrdis</strong></span> <span class='ocrx_word' id='word_1_26' title='bbox 682 856 811 921; x_wconf 89' lang='lat' dir='ltr'><strong>illomm</strong></span> <span class='ocrx_word' id='word_1_27' title='bbox 837 855 891 940; x_wconf 93' lang='lat' dir='ltr'><strong>qui</strong></span> <span class='ocrx_word' id='word_1_28' title='bbox 918 853 1057 941; x_wconf 80' lang='lat' dir='ltr'><strong>depositi</strong></span> <span class='ocrx_word' id='word_1_29' title='bbox 1082 853 1224 932; x_wconf 81' lang='lat' dir='ltr'><strong>fuerunt,</strong></span> <span class='ocrx_word' id='word_1_30' title='bbox 1247 852 1332 917; x_wconf 83' lang='lat' dir='ltr'><strong>sicut</strong></span> 
     </span>
     <span class='ocr_line' id='line_1_5' title="bbox 180 954 1332 1044; baseline -0.005 -20"><span class='ocrx_word' id='word_1_31' title='bbox 180 959 361 1044; x_wconf 89' lang='lat' dir='ltr'><strong>predictum</strong></span> <span class='ocrx_word' id='word_1_32' title='bbox 386 969 446 1039; x_wconf 83' lang='lat' dir='ltr'><strong>est,</strong></span> <span class='ocrx_word' id='word_1_33' title='bbox 472 968 609 1042; x_wconf 80' lang='lat' dir='ltr'><strong>excepto</strong></span> <span class='ocrx_word' id='word_1_34' title='bbox 630 959 719 1042; x_wconf 90' lang='lat' dir='ltr'><strong>quod</strong></span> <span class='ocrx_word' id='word_1_35' title='bbox 734 958 856 1022; x_wconf 78' lang='lat' dir='ltr'><strong>Wsrde</strong></span> <span class='ocrx_word' id='word_1_36' title='bbox 875 979 938 1043; x_wconf 86' lang='lat' dir='ltr'><strong>que</strong></span> <span class='ocrx_word' id='word_1_37' title='bbox 959 957 1021 1021; x_wconf 76' lang='lat' dir='ltr'><strong>suit</strong></span> <span class='ocrx_word' id='word_1_38' title='bbox 1039 954 1177 1041; x_wconf 79' lang='lat' dir='ltr'><strong>predicti</strong></span> <span class='ocrx_word' id='word_1_39' title='bbox 1196 954 1332 1019; x_wconf 81' lang='lat' dir='ltr'><strong>Amcldi</strong></span> 
     </span>
     <span class='ocr_line' id='line_1_6' title="bbox 181 1057 1333 1126; baseline -0.003 0"><span class='ocrx_word' id='word_1_40' title='bbox 181 1061 238 1126; x_wconf 86' lang='lat' dir='ltr'><strong>filii</strong></span> <span class='ocrx_word' id='word_1_41' title='bbox 261 1060 436 1126; x_wconf 77' lang='lat' dir='ltr'><strong>Thedmsri</strong></span> <span class='ocrx_word' id='word_1_42' title='bbox 458 1060 614 1125; x_wconf 77' lang='lat' dir='ltr'><strong>remansit</strong></span> <span class='ocrx_word' id='word_1_43' title='bbox 638 1059 672 1124; x_wconf 89' lang='lat' dir='ltr'><strong>in</strong></span> <span class='ocrx_word' id='word_1_44' title='bbox 698 1081 797 1123; x_wconf 81' lang='lat' dir='ltr'><strong>menn</strong></span> <span class='ocrx_word' id='word_1_45' title='bbox 826 1057 972 1124; x_wconf 71' lang='lat' dir='ltr'><strong>Maioris.</strong></span> <span class='ocrx_word' id='word_1_46' title='bbox 1030 1059 1076 1123; x_wconf 84' lang='lat' dir='ltr'><strong>Et</strong></span> <span class='ocrx_word' id='word_1_47' title='bbox 1099 1058 1266 1123; x_wconf 87' lang='lat' dir='ltr'><strong>sciendum</strong></span> <span class='ocrx_word' id='word_1_48' title='bbox 1281 1068 1333 1123; x_wconf 85' lang='lat' dir='ltr'><strong>est</strong></span> 
     </span>
     <span class='ocr_line' id='line_1_7' title="bbox 184 1160 1333 1246; baseline -0.002 -19"><span class='ocrx_word' id='word_1_49' title='bbox 184 1163 349 1246; x_wconf 84' lang='lat' dir='ltr'><strong>predictus</strong></span> <span class='ocrx_word' id='word_1_50' title='bbox 359 1162 523 1227; x_wconf 75' lang='lat' dir='ltr'><strong>Arneldus</strong></span> <span class='ocrx_word' id='word_1_51' title='bbox 538 1162 578 1227; x_wconf 83' lang='lat' dir='ltr'><strong>de</strong></span> <span class='ocrx_word' id='word_1_52' title='bbox 587 1160 708 1226; x_wconf 88' lang='lat' dir='ltr'><strong>nichilo</strong></span> <span class='ocrx_word' id='word_1_53' title='bbox 717 1161 779 1225; x_wconf 80' lang='lat' dir='ltr'><strong>fuit</strong></span> <span class='ocrx_word' id='word_1_54' title='bbox 793 1171 944 1240; x_wconf 75' lang='lat' dir='ltr'><strong>rectatus,</strong></span> <span class='ocrx_word' id='word_1_55' title='bbox 960 1161 1023 1226; x_wconf 88' lang='lat' dir='ltr'><strong>nisi</strong></span> <span class='ocrx_word' id='word_1_56' title='bbox 1034 1160 1075 1224; x_wconf 88' lang='lat' dir='ltr'><strong>de</strong></span> <span class='ocrx_word' id='word_1_57' title='bbox 1088 1169 1208 1224; x_wconf 71' lang='lat' dir='ltr'><strong>stetere</strong></span> <span class='ocrx_word' id='word_1_58' title='bbox 1219 1183 1228 1238; x_wconf 78' lang='lat'><em>3</em></span> <span class='ocrx_word' id='word_1_59' title='bbox 1239 1161 1333 1245; x_wconf 86' lang='lat' dir='ltr'><strong>cujus</strong></span> 
     </span>
     <span class='ocr_line' id='line_1_8' title="bbox 184 1260 1333 1350; baseline -0.004 -21"><span class='ocrx_word' id='word_1_60' title='bbox 184 1265 302 1330; x_wconf 91' lang='lat' dir='ltr'><strong>modus</strong></span> <span class='ocrx_word' id='word_1_61' title='bbox 318 1264 518 1350; x_wconf 82' lang='lat' dir='ltr'><strong>pondernndi</strong></span> <span class='ocrx_word' id='word_1_62' title='bbox 534 1274 677 1330; x_wconf 71' lang='lat' dir='ltr'><strong>correcte</strong></span> <span class='ocrx_word' id='word_1_63' title='bbox 690 1265 753 1328; x_wconf 80' lang='lat' dir='ltr'><strong>fuit</strong></span> <span class='ocrx_word' id='word_1_64' title='bbox 766 1285 825 1349; x_wconf 90' lang='lat' dir='ltr'><strong>per</strong></span> <span class='ocrx_word' id='word_1_65' title='bbox 838 1265 945 1349; x_wconf 90' lang='lat' dir='ltr'><strong>ipsum</strong></span> <span class='ocrx_word' id='word_1_66' title='bbox 963 1274 996 1328; x_wconf 93' lang='lat' dir='ltr'><strong>et</strong></span> <span class='ocrx_word' id='word_1_67' title='bbox 1015 1263 1178 1348; x_wconf 73' lang='lat' dir='ltr'><strong>peculim,</strong></span> <span class='ocrx_word' id='word_1_68' title='bbox 1200 1261 1285 1326; x_wconf 85' lang='lat' dir='ltr'><strong>sicut</strong></span> <span class='ocrx_word' id='word_1_69' title='bbox 1298 1260 1333 1324; x_wconf 89' lang='lat' dir='ltr'><strong>in</strong></span> 
     </span>
     <span class='ocr_line' id='line_1_9' title="bbox 186 1364 1334 1451; baseline -0.002 -22"><span class='ocrx_word' id='word_1_70' title='bbox 186 1366 249 1430; x_wconf 89' lang='lat' dir='ltr'><strong>boc</strong></span> <span class='ocrx_word' id='word_1_71' title='bbox 279 1366 386 1433; x_wconf 83' lang='lat' dir='ltr'><strong>rotulo</strong></span> <span class='ocrx_word' id='word_1_72' title='bbox 416 1376 617 1451; x_wconf 67' lang='lat' dir='ltr'><strong>prenotatur.</strong></span> <span class='ocrx_word' id='word_1_73' title='bbox 671 1364 736 1430; x_wconf 85' lang='lat' dir='ltr'><strong>Sed</strong></span> <span class='ocrx_word' id='word_1_74' title='bbox 764 1367 846 1451; x_wconf 91' lang='lat' dir='ltr'><strong>ipse,</strong></span> <span class='ocrx_word' id='word_1_75' title='bbox 888 1366 962 1451; x_wconf 88' lang='lat' dir='ltr'><strong>plus</strong></span> <span class='ocrx_word' id='word_1_76' title='bbox 1003 1365 1069 1430; x_wconf 91' lang='lat' dir='ltr'><strong>odii</strong></span> <span class='ocrx_word' id='word_1_77' title='bbox 1094 1364 1208 1430; x_wconf 77' lang='lat' dir='ltr'><strong>fomite</strong></span> <span class='ocrx_word' id='word_1_78' title='bbox 1236 1384 1334 1448; x_wconf 78' lang='lat' dir='ltr'><strong>quem</strong></span> 
     </span>
     <span class='ocr_line' id='line_1_10' title="bbox 183 1467 1336 1553; baseline -0.002 -21"><span class='ocrx_word' id='word_1_79' title='bbox 183 1467 306 1533; x_wconf 83' lang='lat' dir='ltr'><strong>meritis</strong></span> <span class='ocrx_word' id='word_1_80' title='bbox 322 1469 389 1532; x_wconf 91' lang='lat' dir='ltr'><strong>suis</strong></span> <span class='ocrx_word' id='word_1_81' title='bbox 403 1467 623 1552; x_wconf 76' lang='lat' dir='ltr'><strong>exigentibus,</strong></span> <span class='ocrx_word' id='word_1_82' title='bbox 644 1468 729 1531; x_wconf 86' lang='lat' dir='ltr'><strong>inter</strong></span> <span class='ocrx_word' id='word_1_83' title='bbox 751 1469 831 1533; x_wconf 79' lang='lat' dir='ltr'><strong>ulios</strong></span> <span class='ocrx_word' id='word_1_84' title='bbox 856 1468 919 1533; x_wconf 81' lang='lat' dir='ltr'><strong>fuit</strong></span> <span class='ocrx_word' id='word_1_85' title='bbox 934 1468 1120 1553; x_wconf 76' lang='lat' dir='ltr'><strong>deputatus,</strong></span> <span class='ocrx_word' id='word_1_86' title='bbox 1135 1468 1221 1532; x_wconf 84' lang='lat' dir='ltr'><strong>sicut</strong></span> <span class='ocrx_word' id='word_1_87' title='bbox 1244 1474 1336 1551; x_wconf 82' lang='lat' dir='ltr'><strong>petet</strong></span> 
     </span>
     <span class='ocr_line' id='line_1_11' title="bbox 183 1566 1335 1654; baseline -0.003 -19"><span class='ocrx_word' id='word_1_88' title='bbox 183 1568 217 1635; x_wconf 85' lang='lat' dir='ltr'><strong>in</strong></span> <span class='ocrx_word' id='word_1_89' title='bbox 233 1569 455 1654; x_wconf 75' lang='lat' dir='ltr'><strong>sequentibus.</strong></span> <span class='ocrx_word' id='word_1_90' title='bbox 501 1570 586 1634; x_wconf 89' lang='lat' dir='ltr'><strong>Nem</strong></span> <span class='ocrx_word' id='word_1_91' title='bbox 607 1580 731 1654; x_wconf 83' lang='lat' dir='ltr'><strong>postes,</strong></span> <span class='ocrx_word' id='word_1_92' title='bbox 747 1570 889 1634; x_wconf 75' lang='lat' dir='ltr'><strong>dicente</strong></span> <span class='ocrx_word' id='word_1_93' title='bbox 904 1571 1024 1634; x_wconf 76' lang='lat' dir='ltr'><strong>festum</strong></span> <span class='ocrx_word' id='word_1_94' title='bbox 1040 1568 1151 1634; x_wconf 82' lang='lat' dir='ltr'><strong>Ssncti</strong></span> <span class='ocrx_word' id='word_1_95' title='bbox 1161 1566 1335 1646; x_wconf 78' lang='lat' dir='ltr'><strong>Leonerdi,</strong></span> 
     </span>
     <span class='ocr_line' id='line_1_12' title="bbox 184 1671 1335 1757; baseline -0.001 -22"><span class='ocrx_word' id='word_1_96' title='bbox 184 1692 271 1735; x_wconf 76' lang='lat' dir='ltr'><strong>enno</strong></span> <span class='ocrx_word' id='word_1_97' title='bbox 301 1671 437 1737; x_wconf 87' lang='lat' dir='ltr'><strong>Domini</strong></span> <span class='ocrx_word' id='word_1_98' title='bbox 468 1671 565 1755; x_wconf 80' lang='lat' dir='ltr'><strong>Regis</strong></span> <span class='ocrx_word' id='word_1_99' title='bbox 593 1671 696 1756; x_wconf 70' lang='lat' dir='ltr'><strong>xliiij„</strong></span> <span class='ocrx_word' id='word_1_100' title='bbox 722 1673 754 1735; x_wconf 91' lang='lat' dir='ltr'><strong>in</strong></span> <span class='ocrx_word' id='word_1_101' title='bbox 785 1672 882 1757; x_wconf 87' lang='lat' dir='ltr'><strong>pleno</strong></span> <span class='ocrx_word' id='word_1_102' title='bbox 912 1671 1107 1736; x_wconf 77' lang='lat' dir='ltr'><strong>folkesmoto</strong></span> <span class='ocrx_word' id='word_1_103' title='bbox 1136 1671 1177 1734; x_wconf 73' lang='lat' dir='ltr'><strong>sd</strong></span> <span class='ocrx_word' id='word_1_104' title='bbox 1207 1691 1335 1735; x_wconf 86' lang='lat' dir='ltr'><strong>crucem</strong></span> 
     </span>
     <span class='ocr_line' id='line_1_13' title="bbox 186 1771 1334 1859; baseline 0.001 -24"><span class='ocrx_word' id='word_1_105' title='bbox 186 1771 295 1837; x_wconf 87' lang='lat' dir='ltr'><strong>Sencti</strong></span> <span class='ocrx_word' id='word_1_106' title='bbox 324 1771 426 1849; x_wconf 83' lang='lat' dir='ltr'><strong>Pculi,</strong></span> <span class='ocrx_word' id='word_1_107' title='bbox 456 1793 564 1837; x_wconf 77' lang='lat' dir='ltr'><strong>eorem</strong></span> <span class='ocrx_word' id='word_1_108' title='bbox 580 1772 724 1837; x_wconf 91' lang='lat' dir='ltr'><strong>Domino</strong></span> <span class='ocrx_word' id='word_1_109' title='bbox 750 1774 837 1859; x_wconf 83' lang='lat' dir='ltr'><strong>Rege</strong></span> <span class='ocrx_word' id='word_1_110' title='bbox 866 1784 901 1838; x_wconf 87' lang='lat' dir='ltr'><strong>et</strong></span> <span class='ocrx_word' id='word_1_111' title='bbox 928 1773 1064 1839; x_wconf 88' lang='lat' dir='ltr'><strong>consilio</strong></span> <span class='ocrx_word' id='word_1_112' title='bbox 1093 1795 1165 1852; x_wconf 89' lang='lat' dir='ltr'><strong>suo,</strong></span> <span class='ocrx_word' id='word_1_113' title='bbox 1188 1771 1334 1837; x_wconf 91' lang='lat' dir='ltr'><strong>Domino</strong></span> 
     </span>
     <span class='ocr_line' id='line_1_14' title="bbox 186 1872 1336 1960; baseline -0.004 -18"><span class='ocrx_word' id='word_1_114' title='bbox 186 1873 339 1943; x_wconf 83' lang='lat' dir='ltr'><strong>Johcnne</strong></span> <span class='ocrx_word' id='word_1_115' title='bbox 370 1872 524 1938; x_wconf 80' lang='lat' dir='ltr'><strong>Msunsel</strong></span> <span class='ocrx_word' id='word_1_116' title='bbox 546 1884 731 1954; x_wconf 71' lang='lat' dir='ltr'><strong>attestante,</strong></span> <span class='ocrx_word' id='word_1_117' title='bbox 755 1877 878 1960; x_wconf 80' lang='lat' dir='ltr'><strong>Regem</strong></span> <span class='ocrx_word' id='word_1_118' title='bbox 901 1896 972 1940; x_wconf 85' lang='lat' dir='ltr'><strong>esse</strong></span> <span class='ocrx_word' id='word_1_119' title='bbox 996 1875 1207 1940; x_wconf 74' lang='lat' dir='ltr'><strong>certificatum</strong></span> <span class='ocrx_word' id='word_1_120' title='bbox 1226 1875 1336 1960; x_wconf 86' lang='lat' dir='ltr'><strong>ipsum</strong></span> 
     </span>
     <span class='ocr_line' id='line_1_15' title="bbox 186 1974 1337 2064; baseline 0.002 -25"><span class='ocrx_word' id='word_1_121' title='bbox 186 1974 367 2040; x_wconf 82' lang='lat' dir='ltr'><strong>Arncldum</strong></span> <span class='ocrx_word' id='word_1_122' title='bbox 387 1975 507 2060; x_wconf 85' lang='lat' dir='ltr'><strong>injuste</strong></span> <span class='ocrx_word' id='word_1_123' title='bbox 522 1998 594 2042; x_wconf 84' lang='lat' dir='ltr'><strong>esse</strong></span> <span class='ocrx_word' id='word_1_124' title='bbox 614 1978 838 2063; x_wconf 74' lang='lat' dir='ltr'><strong>degmdetum3</strong></span> <span class='ocrx_word' id='word_1_125' title='bbox 853 1989 887 2043; x_wconf 88' lang='lat' dir='ltr'><strong>et</strong></span> <span class='ocrx_word' id='word_1_126' title='bbox 907 1980 978 2064; x_wconf 88' lang='lat' dir='ltr'><strong>ipse</strong></span> <span class='ocrx_word' id='word_1_127' title='bbox 993 1979 1055 2042; x_wconf 75' lang='lat' dir='ltr'><strong>fuit</strong></span> <span class='ocrx_word' id='word_1_128' title='bbox 1066 1980 1106 2042; x_wconf 81' lang='lat' dir='ltr'><strong>ed</strong></span> <span class='ocrx_word' id='word_1_129' title='bbox 1121 1978 1256 2064; x_wconf 74' lang='lat' dir='ltr'><strong>gretiam</strong></span> <span class='ocrx_word' id='word_1_130' title='bbox 1267 1978 1337 2041; x_wconf 89' lang='lat' dir='ltr'><strong>Do-</strong></span> 
     </span>
     <span class='ocr_line' id='line_1_16' title="bbox 188 2077 1105 2162; baseline 0 -17"><span class='ocrx_word' id='word_1_131' title='bbox 188 2077 268 2145; x_wconf 84' lang='lat' dir='ltr'><strong>mini</strong></span> <span class='ocrx_word' id='word_1_132' title='bbox 285 2077 561 2162; x_wconf 83' lang='lat' dir='ltr'><strong>Regisrerocetus</strong></span> <span class='ocrx_word' id='word_1_133' title='bbox 576 2081 657 2145; x_wconf 83' lang='lat' dir='ltr'><strong>etin</strong></span> <span class='ocrx_word' id='word_1_134' title='bbox 674 2092 794 2146; x_wconf 73' lang='lat' dir='ltr'><strong>statum</strong></span> <span class='ocrx_word' id='word_1_135' title='bbox 814 2103 909 2145; x_wconf 87' lang='lat' dir='ltr'><strong>suum</strong></span> <span class='ocrx_word' id='word_1_136' title='bbox 925 2080 1105 2145; x_wconf 83' lang='lat' dir='ltr'><strong>restitutus.</strong></span> 
     </span>
    </p>

    <p class='ocr_par' dir='ltr' id='par_1_3' title="bbox 188 2179 1339 2670">
     <span class='ocr_line' id='line_1_17' title="bbox 233 2179 1339 2269; baseline 0.004 -27"><span class='ocrx_word' id='word_1_137' title='bbox 233 2179 307 2243; x_wconf 88' lang='lat' dir='ltr'><strong>Hoc</strong></span> <span class='ocrx_word' id='word_1_138' title='bbox 322 2200 408 2243; x_wconf 82' lang='lat' dir='ltr'><strong>enno</strong></span> <span class='ocrx_word' id='word_1_139' title='bbox 430 2179 622 2264; x_wconf 76' lang='lat' dir='ltr'><strong>sgricmura</strong></span> <span class='ocrx_word' id='word_1_140' title='bbox 647 2182 784 2260; x_wconf 80' lang='lat' dir='ltr'><strong>deiecit3</strong></span> <span class='ocrx_word' id='word_1_141' title='bbox 806 2205 870 2269; x_wconf 79' lang='lat' dir='ltr'><strong>que</strong></span> <span class='ocrx_word' id='word_1_142' title='bbox 895 2182 1075 2262; x_wconf 85' lang='lat' dir='ltr'><strong>deficiente,</strong></span> <span class='ocrx_word' id='word_1_143' title='bbox 1101 2183 1203 2247; x_wconf 76' lang='lat' dir='ltr'><strong>semes</strong></span> <span class='ocrx_word' id='word_1_144' title='bbox 1228 2190 1339 2247; x_wconf 69' lang='lat' dir='ltr'><strong>secute</strong></span> 
     </span>
     <span class='ocr_line' id='line_1_18' title="bbox 188 2282 1338 2369; baseline 0.002 -24"><span class='ocrx_word' id='word_1_145' title='bbox 188 2292 239 2347; x_wconf 87' lang='lat' dir='ltr'><strong>eet</strong></span> <span class='ocrx_word' id='word_1_146' title='bbox 253 2283 308 2360; x_wconf 75' lang='lat' dir='ltr'><strong>itu,</strong></span> <span class='ocrx_word' id='word_1_147' title='bbox 323 2282 410 2366; x_wconf 91' lang='lat' dir='ltr'><strong>quod</strong></span> <span class='ocrx_word' id='word_1_148' title='bbox 426 2282 574 2348; x_wconf 88' lang='lat' dir='ltr'><strong>homines</strong></span> <span class='ocrx_word' id='word_1_149' title='bbox 600 2283 641 2347; x_wconf 91' lang='lat' dir='ltr'><strong>de</strong></span> <span class='ocrx_word' id='word_1_150' title='bbox 667 2284 752 2349; x_wconf 86' lang='lat' dir='ltr'><strong>villis</strong></span> <span class='ocrx_word' id='word_1_151' title='bbox 777 2284 985 2349; x_wconf 77' lang='lat' dir='ltr'><strong>confluebant</strong></span> <span class='ocrx_word' id='word_1_152' title='bbox 1011 2285 1052 2349; x_wconf 86' lang='lat' dir='ltr'><strong>sd</strong></span> <span class='ocrx_word' id='word_1_153' title='bbox 1078 2284 1252 2349; x_wconf 74' lang='lat' dir='ltr'><strong>Civitatem</strong></span> <span class='ocrx_word' id='word_1_154' title='bbox 1278 2304 1338 2369; x_wconf 88' lang='lat' dir='ltr'><strong>pro</strong></span> 
     </span>
     <span class='ocr_line' id='line_1_19' title="bbox 189 2381 1338 2468; baseline 0.001 -21"><span class='ocrx_word' id='word_1_155' title='bbox 189 2384 262 2448; x_wconf 89' lang='lat' dir='ltr'><strong>cibo</strong></span> <span class='ocrx_word' id='word_1_156' title='bbox 278 2385 483 2468; x_wconf 74' lang='lat' dir='ltr'><strong>acquirendo,</strong></span> <span class='ocrx_word' id='word_1_157' title='bbox 499 2381 572 2467; x_wconf 73' lang='lat' dir='ltr'><strong>quei,</strong></span> <span class='ocrx_word' id='word_1_158' title='bbox 587 2385 673 2448; x_wconf 85' lang='lat' dir='ltr'><strong>ferne</strong></span> <span class='ocrx_word' id='word_1_159' title='bbox 683 2385 937 2464; x_wconf 79' lang='lat' dir='ltr'><strong>convslesoente,</strong></span> <span class='ocrx_word' id='word_1_160' title='bbox 954 2387 1057 2450; x_wconf 80' lang='lat' dir='ltr'><strong>multe</strong></span> <span class='ocrx_word' id='word_1_161' title='bbox 1072 2387 1158 2450; x_wconf 79' lang='lat' dir='ltr'><strong>milia</strong></span> <span class='ocrx_word' id='word_1_162' title='bbox 1169 2385 1338 2450; x_wconf 87' lang='lat' dir='ltr'><strong>hominum</strong></span> 
     </span>
     <span class='ocr_line' id='line_1_20' title="bbox 190 2484 1339 2569; baseline 0.003 -22"><span class='ocrx_word' id='word_1_163' title='bbox 190 2485 374 2568; x_wconf 88' lang='lat' dir='ltr'><strong>perierunt;</strong></span> <span class='ocrx_word' id='word_1_164' title='bbox 396 2494 429 2549; x_wconf 90' lang='lat' dir='ltr'><strong>et</strong></span> <span class='ocrx_word' id='word_1_165' title='bbox 444 2485 545 2549; x_wconf 82' lang='lat' dir='ltr'><strong>multe</strong></span> <span class='ocrx_word' id='word_1_166' title='bbox 560 2484 652 2569; x_wconf 80' lang='lat' dir='ltr'><strong>plum</strong></span> <span class='ocrx_word' id='word_1_167' title='bbox 666 2486 754 2552; x_wconf 78' lang='lat' dir='ltr'><strong>milia</strong></span> <span class='ocrx_word' id='word_1_168' title='bbox 775 2488 1004 2553; x_wconf 85' lang='lat' dir='ltr'><strong>occubuissent</strong></span> <span class='ocrx_word' id='word_1_169' title='bbox 1018 2490 1114 2568; x_wconf 79' lang='lat' dir='ltr'><strong>ieme,</strong></span> <span class='ocrx_word' id='word_1_170' title='bbox 1128 2489 1192 2552; x_wconf 88' lang='lat' dir='ltr'><strong>nisi</strong></span> <span class='ocrx_word' id='word_1_171' title='bbox 1206 2488 1339 2553; x_wconf 69' lang='lat' dir='ltr'><strong>bladum</strong></span> 
     </span>
     <span class='ocr_line' id='line_1_21' title="bbox 191 2587 871 2670; baseline 0.01 -20"><span class='ocrx_word' id='word_1_172' title='bbox 191 2587 334 2651; x_wconf 73' lang='lat' dir='ltr'><strong>venisset</strong></span> <span class='ocrx_word' id='word_1_173' title='bbox 348 2596 427 2650; x_wconf 84' lang='lat' dir='ltr'><strong>tunc</strong></span> <span class='ocrx_word' id='word_1_174' title='bbox 442 2587 598 2670; x_wconf 86' lang='lat' dir='ltr'><strong>temporie</strong></span> <span class='ocrx_word' id='word_1_175' title='bbox 613 2587 653 2651; x_wconf 93' lang='lat' dir='ltr'><strong>de</strong></span> <span class='ocrx_word' id='word_1_176' title='bbox 668 2589 871 2657; x_wconf 74' lang='lat' dir='ltr'><strong>Alemannie.</strong></span> 
     </span>
    </p>

    <p class='ocr_par' dir='ltr' id='par_1_4' title="bbox 192 2689 1564 4002">
     <span class='ocr_line' id='line_1_22' title="bbox 237 2689 1564 2779; baseline 0.004 -23"><span class='ocrx_word' id='word_1_177' title='bbox 237 2692 312 2756; x_wconf 86' lang='lat' dir='ltr'><strong>Hoc</strong></span> <span class='ocrx_word' id='word_1_178' title='bbox 341 2711 427 2754; x_wconf 83' lang='lat' dir='ltr'><strong>enno</strong></span> <span class='ocrx_word' id='word_1_179' title='bbox 453 2689 515 2755; x_wconf 79' lang='lat' dir='ltr'><strong>suit</strong></span> <span class='ocrx_word' id='word_1_180' title='bbox 537 2689 617 2753; x_wconf 89' lang='lat' dir='ltr'><strong>illud</strong></span> <span class='ocrx_word' id='word_1_181' title='bbox 641 2691 755 2759; x_wconf 85' lang='lat' dir='ltr'><strong>insene</strong></span> <span class='ocrx_word' id='word_1_182' title='bbox 787 2694 1027 2759; x_wconf 82' lang='lat' dir='ltr'><strong>Perlementum</strong></span> <span class='ocrx_word' id='word_1_183' title='bbox 1052 2692 1139 2779; x_wconf 77' lang='lat' dir='ltr'><strong>opud</strong></span> <span class='ocrx_word' id='word_1_184' title='bbox 1165 2691 1388 2770; x_wconf 59' lang='lat' dir='ltr'><strong>omnimo</strong></span> <span class='ocrx_word' id='word_1_185' title='bbox 1414 2713 1564 2776; x_wconf 66' lang='lat' dir='ltr'><strong>parcam</strong></span> 
     </span>
     <span class='ocr_line' id='line_1_23' title="bbox 192 2779 1449 2881; baseline 0.001 -24"><span class='ocrx_word' id='word_1_186' title='bbox 192 2793 276 2858; x_wconf 85' lang='lat' dir='ltr'><strong>circe</strong></span> <span class='ocrx_word' id='word_1_187' title='bbox 299 2794 419 2857; x_wconf 82' lang='lat' dir='ltr'><strong>festum</strong></span> <span class='ocrx_word' id='word_1_188' title='bbox 443 2791 553 2856; x_wconf 75' lang='lat' dir='ltr'><strong>Sancti</strong></span> <span class='ocrx_word' id='word_1_189' title='bbox 581 2791 729 2860; x_wconf 82' lang='lat' dir='ltr'><strong>Bernsbe</strong></span> <span class='ocrx_word' id='word_1_190' title='bbox 741 2821 750 2875; x_wconf 79' lang='lat'>3</span> <span class='ocrx_word' id='word_1_191' title='bbox 784 2796 908 2881; x_wconf 89' lang='lat' dir='ltr'><strong>inquo</strong></span> <span class='ocrx_word' id='word_1_192' title='bbox 939 2796 1144 2860; x_wconf 77' lang='lat' dir='ltr'><strong>Perlemento</strong></span> <span class='ocrx_word' id='word_1_193' title='bbox 1174 2794 1340 2879; x_wconf 81' lang='lat' dir='ltr'><strong>provisum</strong></span> <span class='ocrx_word' id='word_1_194' title='bbox 1354 2779 1449 2828; x_wconf 64' lang='lat' dir='ltr'><strong>‘&#39;m“</strong></span> 
     </span>
     <span class='ocr_line' id='line_1_24' title="bbox 192 2895 1342 2982; baseline 0 -23"><span class='ocrx_word' id='word_1_195' title='bbox 192 2897 254 2960; x_wconf 77' lang='lat' dir='ltr'><strong>fuit</strong></span> <span class='ocrx_word' id='word_1_196' title='bbox 278 2905 312 2960; x_wconf 87' lang='lat' dir='ltr'><strong>et</strong></span> <span class='ocrx_word' id='word_1_197' title='bbox 338 2896 523 2960; x_wconf 86' lang='lat' dir='ltr'><strong>ordinatum</strong></span> <span class='ocrx_word' id='word_1_198' title='bbox 543 2916 601 2978; x_wconf 88' lang='lat' dir='ltr'><strong>per</strong></span> <span class='ocrx_word' id='word_1_199' title='bbox 624 2895 747 2981; x_wconf 78' lang='lat' dir='ltr'><strong>aliquos</strong></span> <span class='ocrx_word' id='word_1_200' title='bbox 772 2898 919 2963; x_wconf 81' lang='lat' dir='ltr'><strong>Comites</strong></span> <span class='ocrx_word' id='word_1_201' title='bbox 945 2908 979 2962; x_wconf 83' lang='lat' dir='ltr'><strong>et</strong></span> <span class='ocrx_word' id='word_1_202' title='bbox 1003 2898 1148 2962; x_wconf 84' lang='lat' dir='ltr'><strong>Berones</strong></span> <span class='ocrx_word' id='word_1_203' title='bbox 1171 2896 1286 2982; x_wconf 85' lang='lat' dir='ltr'><strong>Anglie</strong></span> <span class='ocrx_word' id='word_1_204' title='bbox 1301 2896 1342 2959; x_wconf 85' lang='lat' dir='ltr'><strong>sd</strong></span> 
     </span>
     <span class='ocr_line' id='line_1_25' title="bbox 192 2998 1343 3087; baseline 0.001 -24"><span class='ocrx_word' id='word_1_205' title='bbox 192 2999 388 3065; x_wconf 77' lang='lat' dir='ltr'><strong>abolendum</strong></span> <span class='ocrx_word' id='word_1_206' title='bbox 403 2999 474 3064; x_wconf 80' lang='lat' dir='ltr'><strong>illes</strong></span> <span class='ocrx_word' id='word_1_207' title='bbox 502 2998 602 3063; x_wconf 82' lang='lat' dir='ltr'><strong>meles</strong></span> <span class='ocrx_word' id='word_1_208' title='bbox 628 3002 880 3067; x_wconf 83' lang='lat' dir='ltr'><strong>consuetudines</strong></span> <span class='ocrx_word' id='word_1_209' title='bbox 896 3000 1013 3087; x_wconf 88' lang='lat' dir='ltr'><strong>quibus</strong></span> <span class='ocrx_word' id='word_1_210' title='bbox 1028 3023 1176 3087; x_wconf 88' lang='lat' dir='ltr'><strong>regnum,</strong></span> <span class='ocrx_word' id='word_1_211' title='bbox 1196 3010 1343 3085; x_wconf 80' lang='lat' dir='ltr'><strong>tempore</strong></span> 
     </span>
     <span class='ocr_line' id='line_1_26' title="bbox 192 3102 1343 3190; baseline 0.001 -23"><span class='ocrx_word' id='word_1_212' title='bbox 192 3102 287 3168; x_wconf 89' lang='lat' dir='ltr'><strong>istius</strong></span> <span class='ocrx_word' id='word_1_213' title='bbox 304 3103 413 3186; x_wconf 86' lang='lat' dir='ltr'><strong>Regis,</strong></span> <span class='ocrx_word' id='word_1_214' title='bbox 427 3102 553 3168; x_wconf 74' lang='lat' dir='ltr'><strong>tamdiu</strong></span> <span class='ocrx_word' id='word_1_215' title='bbox 568 3113 602 3168; x_wconf 92' lang='lat' dir='ltr'><strong>et</strong></span> <span class='ocrx_word' id='word_1_216' title='bbox 615 3103 700 3168; x_wconf 86' lang='lat' dir='ltr'><strong>ultre</strong></span> <span class='ocrx_word' id='word_1_217' title='bbox 714 3105 847 3170; x_wconf 89' lang='lat' dir='ltr'><strong>modum</strong></span> <span class='ocrx_word' id='word_1_218' title='bbox 858 3106 963 3170; x_wconf 80' lang='lat' dir='ltr'><strong>fueret</strong></span> <span class='ocrx_word' id='word_1_219' title='bbox 977 3127 1169 3190; x_wconf 89' lang='lat' dir='ltr'><strong>oppressum</strong></span> <span class='ocrx_word' id='word_1_220' title='bbox 1184 3114 1220 3169; x_wconf 86' lang='lat' dir='ltr'><strong>et</strong></span> <span class='ocrx_word' id='word_1_221' title='bbox 1232 3125 1343 3189; x_wconf 59' lang='lat' dir='ltr'><strong>greve</strong></span> 
     </span>
     <span class='ocr_line' id='line_1_27' title="bbox 194 3204 1343 3291; baseline 0.001 -24"><span class='ocrx_word' id='word_1_222' title='bbox 194 3214 276 3280; x_wconf 87' lang='lat' dir='ltr'><strong>tum,</strong></span> <span class='ocrx_word' id='word_1_223' title='bbox 292 3204 423 3282; x_wconf 86' lang='lat' dir='ltr'><strong>scilicet,</strong></span> <span class='ocrx_word' id='word_1_224' title='bbox 438 3225 497 3288; x_wconf 86' lang='lat' dir='ltr'><strong>per</strong></span> <span class='ocrx_word' id='word_1_225' title='bbox 521 3205 661 3269; x_wconf 90' lang='lat' dir='ltr'><strong>eundem</strong></span> <span class='ocrx_word' id='word_1_226' title='bbox 678 3207 800 3291; x_wconf 84' lang='lat' dir='ltr'><strong>Regem</strong></span> <span class='ocrx_word' id='word_1_227' title='bbox 826 3216 860 3272; x_wconf 90' lang='lat' dir='ltr'><strong>et</strong></span> <span class='ocrx_word' id='word_1_228' title='bbox 883 3207 963 3271; x_wconf 82' lang='lat' dir='ltr'><strong>elios</strong></span> <span class='ocrx_word' id='word_1_229' title='bbox 983 3207 1228 3291; x_wconf 80' lang='lat' dir='ltr'><strong>potentissimos</strong></span> <span class='ocrx_word' id='word_1_230' title='bbox 1242 3204 1343 3290; x_wconf 84' lang='lat' dir='ltr'><strong>regni.</strong></span> 
     </span>
     <span class='ocr_line' id='line_1_28' title="bbox 193 3303 1344 3391; baseline -0.001 -22"><span class='ocrx_word' id='word_1_231' title='bbox 193 3305 247 3369; x_wconf 86' lang='lat' dir='ltr'><strong>Ad</strong></span> <span class='ocrx_word' id='word_1_232' title='bbox 273 3303 360 3387; x_wconf 90' lang='lat' dir='ltr'><strong>quod</strong></span> <span class='ocrx_word' id='word_1_233' title='bbox 383 3305 469 3368; x_wconf 87' lang='lat' dir='ltr'><strong>idern</strong></span> <span class='ocrx_word' id='word_1_234' title='bbox 495 3305 577 3382; x_wconf 83' lang='lat' dir='ltr'><strong>Rex,</strong></span> <span class='ocrx_word' id='word_1_235' title='bbox 605 3316 640 3369; x_wconf 91' lang='lat' dir='ltr'><strong>et</strong></span> <span class='ocrx_word' id='word_1_236' title='bbox 665 3307 763 3371; x_wconf 86' lang='lat' dir='ltr'><strong>etiem</strong></span> <span class='ocrx_word' id='word_1_237' title='bbox 793 3308 926 3385; x_wconf 83' lang='lat' dir='ltr'><strong>invitus,</strong></span> <span class='ocrx_word' id='word_1_238' title='bbox 955 3305 1086 3391; x_wconf 80' lang='lat' dir='ltr'><strong>prebuit</strong></span> <span class='ocrx_word' id='word_1_239' title='bbox 1111 3326 1281 3369; x_wconf 77' lang='lat' dir='ltr'><strong>assensum</strong></span> <span class='ocrx_word' id='word_1_240' title='bbox 1309 3315 1344 3368; x_wconf 91' lang='lat' dir='ltr'><strong>et</strong></span> 
     </span>
     <span class='ocr_line' id='line_1_29' title="bbox 194 3404 1345 3490; baseline 0 -20"><span class='ocrx_word' id='word_1_241' title='bbox 194 3407 257 3471; x_wconf 89' lang='lat' dir='ltr'><strong>hoc</strong></span> <span class='ocrx_word' id='word_1_242' title='bbox 282 3406 413 3489; x_wconf 80' lang='lat' dir='ltr'><strong>juravit.</strong></span> <span class='ocrx_word' id='word_1_243' title='bbox 457 3405 504 3469; x_wconf 86' lang='lat' dir='ltr'><strong>Et</strong></span> <span class='ocrx_word' id='word_1_244' title='bbox 527 3404 568 3467; x_wconf 84' lang='lat' dir='ltr'><strong>sd</strong></span> <span class='ocrx_word' id='word_1_245' title='bbox 589 3406 651 3472; x_wconf 89' lang='lat' dir='ltr'><strong>hoc</strong></span> <span class='ocrx_word' id='word_1_246' title='bbox 674 3408 840 3490; x_wconf 80' lang='lat' dir='ltr'><strong>negotium</strong></span> <span class='ocrx_word' id='word_1_247' title='bbox 861 3407 1076 3472; x_wconf 80' lang='lat' dir='ltr'><strong>ordinandum</strong></span> <span class='ocrx_word' id='word_1_248' title='bbox 1099 3406 1192 3471; x_wconf 86' lang='lat' dir='ltr'><strong>electi</strong></span> <span class='ocrx_word' id='word_1_249' title='bbox 1213 3407 1345 3470; x_wconf 76' lang='lat' dir='ltr'><strong>memnt</strong></span> 
     </span>
     <span class='ocr_line' id='line_1_30' title="bbox 196 3507 1344 3594; baseline 0.001 -21"><span class='ocrx_word' id='word_1_250' title='bbox 196 3508 359 3573; x_wconf 90' lang='lat' dir='ltr'><strong>Dominus</strong></span> <span class='ocrx_word' id='word_1_251' title='bbox 376 3507 618 3573; x_wconf 80' lang='lat' dir='ltr'><strong>centuariensis</strong></span> <span class='ocrx_word' id='word_1_252' title='bbox 650 3509 933 3594; x_wconf 77' lang='lat' dir='ltr'><strong>Archicpiscopus,</strong></span> <span class='ocrx_word' id='word_1_253' title='bbox 965 3509 1130 3574; x_wconf 90' lang='lat' dir='ltr'><strong>Dominus</strong></span> <span class='ocrx_word' id='word_1_254' title='bbox 1159 3508 1344 3593; x_wconf 76' lang='lat' dir='ltr'><strong>Episcrrpus</strong></span> 
     </span>
     <span class='ocr_line' id='line_1_31' title="bbox 194 3607 1345 3694; baseline 0.002 -24"><span class='ocrx_word' id='word_1_255' title='bbox 194 3608 452 3694; x_wconf 78' lang='lat' dir='ltr'><strong>Wygornieneis‚</strong></span> <span class='ocrx_word' id='word_1_256' title='bbox 480 3607 643 3674; x_wconf 86' lang='lat' dir='ltr'><strong>Dominus</strong></span> <span class='ocrx_word' id='word_1_257' title='bbox 670 3609 816 3691; x_wconf 85' lang='lat' dir='ltr'><strong>Rogerus</strong></span> <span class='ocrx_word' id='word_1_258' title='bbox 847 3609 945 3693; x_wconf 88' lang='lat' dir='ltr'><strong>Bigot</strong></span> <span class='ocrx_word' id='word_1_259' title='bbox 975 3609 1187 3674; x_wconf 79' lang='lat' dir='ltr'><strong>Merescellus</strong></span> <span class='ocrx_word' id='word_1_260' title='bbox 1225 3609 1345 3675; x_wconf 82' lang='lat' dir='ltr'><strong>Comes</strong></span> 
     </span>
     <span class='ocr_line' id='line_1_32' title="bbox 196 3708 1345 3790; baseline 0 -15"><span class='ocrx_word' id='word_1_261' title='bbox 196 3710 444 3786; x_wconf 83' lang='lat' dir='ltr'><strong>Northffolcbie‚</strong></span> <span class='ocrx_word' id='word_1_262' title='bbox 460 3708 623 3775; x_wconf 90' lang='lat' dir='ltr'><strong>Dominus</strong></span> <span class='ocrx_word' id='word_1_263' title='bbox 640 3709 797 3773; x_wconf 71' lang='lat' dir='ltr'><strong>Ricardus</strong></span> <span class='ocrx_word' id='word_1_264' title='bbox 812 3709 853 3774; x_wconf 88' lang='lat' dir='ltr'><strong>de</strong></span> <span class='ocrx_word' id='word_1_265' title='bbox 876 3708 970 3775; x_wconf 78' lang='lat' dir='ltr'><strong>Clare</strong></span> <span class='ocrx_word' id='word_1_266' title='bbox 992 3709 1111 3774; x_wconf 85' lang='lat' dir='ltr'><strong>Comes</strong></span> <span class='ocrx_word' id='word_1_267' title='bbox 1136 3709 1345 3790; x_wconf 83' lang='lat' dir='ltr'><strong>Glouvernie,</strong></span> 
     </span>
     <span class='ocr_line' id='line_1_33' title="bbox 196 3809 1346 3891; baseline 0.001 -14"><span class='ocrx_word' id='word_1_268' title='bbox 196 3813 359 3877; x_wconf 86' lang='lat' dir='ltr'><strong>Dominus</strong></span> <span class='ocrx_word' id='word_1_269' title='bbox 386 3812 499 3876; x_wconf 91' lang='lat' dir='ltr'><strong>Simon</strong></span> <span class='ocrx_word' id='word_1_270' title='bbox 535 3811 575 3875; x_wconf 93' lang='lat' dir='ltr'><strong>de</strong></span> <span class='ocrx_word' id='word_1_271' title='bbox 603 3810 796 3875; x_wconf 84' lang='lat' dir='ltr'><strong>Monteforti</strong></span> <span class='ocrx_word' id='word_1_272' title='bbox 823 3809 943 3876; x_wconf 88' lang='lat' dir='ltr'><strong>Comes</strong></span> <span class='ocrx_word' id='word_1_273' title='bbox 969 3810 1154 3891; x_wconf 70' lang='lat' dir='ltr'><strong>leicestrie,</strong></span> <span class='ocrx_word' id='word_1_274' title='bbox 1181 3812 1346 3879; x_wconf 89' lang='lat' dir='ltr'><strong>Dominus</strong></span> 
     </span>
     <span class='ocr_line' id='line_1_34' title="bbox 201 3913 1347 4002; baseline -0.002 -22"><span class='ocrx_word' id='word_1_275' title='bbox 201 3916 384 3980; x_wconf 81' lang='lat' dir='ltr'><strong>Huniridus</strong></span> <span class='ocrx_word' id='word_1_276' title='bbox 407 3914 447 3980; x_wconf 87' lang='lat' dir='ltr'><strong>de</strong></span> <span class='ocrx_word' id='word_1_277' title='bbox 466 3914 561 3979; x_wconf 88' lang='lat' dir='ltr'><strong>Boun</strong></span> <span class='ocrx_word' id='word_1_278' title='bbox 588 3914 709 3979; x_wconf 86' lang='lat' dir='ltr'><strong>Comee</strong></span> <span class='ocrx_word' id='word_1_279' title='bbox 738 3913 921 3991; x_wconf 82' lang='lat' dir='ltr'><strong>Heriordie,</strong></span> <span class='ocrx_word' id='word_1_280' title='bbox 945 3914 1065 3979; x_wconf 89' lang='lat' dir='ltr'><strong>Comes</strong></span> <span class='ocrx_word' id='word_1_281' title='bbox 1100 3914 1141 3979; x_wconf 88' lang='lat' dir='ltr'><strong>de</strong></span> <span class='ocrx_word' id='word_1_282' title='bbox 1162 3915 1347 4002; x_wconf 74' lang='lat' dir='ltr'><strong>Wereeryk,</strong></span> 
     </span>
    </p>
   </div>
   <div class='ocr_carea' id='block_1_3' title="bbox 200 4015 1348 4104">
    <p class='ocr_par' dir='ltr' id='par_1_5' title="bbox 200 4015 1348 4104">
     <span class='ocr_line' id='line_1_35' title="bbox 200 4015 1348 4104; baseline 0.004 -24"><span class='ocrx_word' id='word_1_283' title='bbox 200 4017 319 4082; x_wconf 86' lang='lat' dir='ltr'><strong>Comes</strong></span> <span class='ocrx_word' id='word_1_284' title='bbox 342 4017 383 4082; x_wconf 90' lang='lat' dir='ltr'><strong>de</strong></span> <span class='ocrx_word' id='word_1_285' title='bbox 398 4015 577 4096; x_wconf 78' lang='lat' dir='ltr'><strong>Aibemelc,</strong></span> <span class='ocrx_word' id='word_1_286' title='bbox 593 4016 693 4099; x_wconf 83' lang='lat' dir='ltr'><strong>Hugo</strong></span> <span class='ocrx_word' id='word_1_287' title='bbox 708 4016 748 4082; x_wconf 89' lang='lat' dir='ltr'><strong>de</strong></span> <span class='ocrx_word' id='word_1_288' title='bbox 766 4017 874 4102; x_wconf 89' lang='lat' dir='ltr'><strong>Bigot,</strong></span> <span class='ocrx_word' id='word_1_289' title='bbox 891 4017 1006 4084; x_wconf 83' lang='lat' dir='ltr'><strong>Petrus</strong></span> <span class='ocrx_word' id='word_1_290' title='bbox 1022 4017 1062 4083; x_wconf 90' lang='lat' dir='ltr'><strong>de</strong></span> <span class='ocrx_word' id='word_1_291' title='bbox 1077 4017 1213 4104; x_wconf 82' lang='lat' dir='ltr'><strong>Sereye,</strong></span> <span class='ocrx_word' id='word_1_292' title='bbox 1229 4019 1348 4085; x_wconf 87' lang='lat' dir='ltr'><strong>Petrus</strong></span> 
     </span>
    </p>
   </div>
   <div class='ocr_carea' id='block_1_4' title="bbox 0 0 1798 4830">
    <p class='ocr_par' dir='ltr' id='par_1_6' title="bbox 0 0 1798 4830">
     <span class='ocr_line' id='line_1_36' title="bbox 0 0 1798 4830; baseline 0 0"><span class='ocrx_word' id='word_1_293' title='bbox 0 0 1798 4830; x_wconf 95' lang='lat' dir='ltr'><strong> </strong></span> 
     </span>
    </p>
   </div>
  </div>
 </body>
</html>
