<?xml version="1.0" encoding="UTF-8"?>
<!DOCTYPE html PUBLIC "-//W3C//DTD XHTML 1.0 Transitional//EN"
    "http://www.w3.org/TR/xhtml1/DTD/xhtml1-transitional.dtd">
<html xmlns="http://www.w3.org/1999/xhtml" xml:lang="en" lang="en">
 <head>
  <title>
</title>
<meta http-equiv="Content-Type" content="text/html;charset=utf-8" />
  <meta name='ocr-system' content='tesseract 3.04.00' />
  <meta name='ocr-capabilities' content='ocr_page ocr_carea ocr_par ocr_line ocrx_word'/>
</head>
<body>
  <div class='ocr_page' id='page_1' title='image "./deantiquislegib01fitzgoog_0290.png"; bbox 0 0 3540 4830; ppageno 0'>
   <div class='ocr_carea' id='block_1_1' title="bbox 505 483 1361 556">
    <p class='ocr_par' dir='ltr' id='par_1_1' title="bbox 505 483 1361 556">
     <span class='ocr_line' id='line_1_1' title="bbox 505 483 1361 556; baseline -0.004 -9"><span class='ocrx_word' id='word_1_1' title='bbox 505 504 764 551; x_wconf 81' lang='lat' dir='ltr'><strong>vrcrrcorrrruu</strong></span> <span class='ocrx_word' id='word_1_2' title='bbox 791 504 1078 552; x_wconf 74' lang='lat' dir='ltr'><strong>aouoosrsnuu.</strong></span> <span class='ocrx_word' id='word_1_3' title='bbox 1323 483 1361 556; x_wconf 81' lang='grc'><strong>17</strong></span> 
     </span>
    </p>
   </div>
   <div class='ocr_carea' id='block_1_2' title="bbox 208 653 1362 1361">
    <p class='ocr_par' dir='ltr' id='par_1_2' title="bbox 208 653 1362 1361">
     <span class='ocr_line' id='line_1_2' title="bbox 210 653 1362 738; baseline -0.002 -20"><span class='ocrx_word' id='word_1_4' title='bbox 210 654 389 720; x_wconf 91' lang='lat' dir='ltr'><strong>Willielmo</strong></span> <span class='ocrx_word' id='word_1_5' title='bbox 402 655 627 738; x_wconf 76' lang='lat' dir='ltr'><strong>&#39;l&#39;hesaurario‚</strong></span> <span class='ocrx_word' id='word_1_6' title='bbox 641 670 676 723; x_wconf 87' lang='lat' dir='ltr'><strong>et</strong></span> <span class='ocrx_word' id='word_1_7' title='bbox 698 659 794 724; x_wconf 92' lang='lat' dir='ltr'><strong>Petro</strong></span> <span class='ocrx_word' id='word_1_8' title='bbox 818 658 960 736; x_wconf 89' lang='lat' dir='ltr'><strong>Blundo,</strong></span> <span class='ocrx_word' id='word_1_9' title='bbox 976 654 1225 724; x_wconf 76' lang='lat' dir='ltr'><strong>constabulario</strong></span> <span class='ocrx_word' id='word_1_10' title='bbox 1237 653 1362 732; x_wconf 84' lang='lat' dir='ltr'><strong>Turris,</strong></span> 
     </span>
     <span class='ocr_line' id='line_1_3' title="bbox 212 757 1361 827; baseline -0.001 -6"><span class='ocrx_word' id='word_1_11' title='bbox 212 758 363 823; x_wconf 88' lang='lat' dir='ltr'><strong>omnibus</strong></span> <span class='ocrx_word' id='word_1_12' title='bbox 392 759 515 824; x_wconf 86' lang='lat' dir='ltr'><strong>clericis</strong></span> <span class='ocrx_word' id='word_1_13' title='bbox 545 769 578 826; x_wconf 91' lang='lat' dir='ltr'><strong>et</strong></span> <span class='ocrx_word' id='word_1_14' title='bbox 607 761 822 827; x_wconf 90' lang='lat' dir='ltr'><strong>servientibus</strong></span> <span class='ocrx_word' id='word_1_15' title='bbox 848 760 1092 827; x_wconf 73' lang='lat' dir='ltr'><strong>vicecomitatus</strong></span> <span class='ocrx_word' id='word_1_16' title='bbox 1113 760 1161 824; x_wconf 92' lang='lat' dir='ltr'><strong>eis</strong></span> <span class='ocrx_word' id='word_1_17' title='bbox 1190 757 1361 822; x_wconf 90' lang='lat' dir='ltr'><strong>intenden-</strong></span> 
     </span>
     <span class='ocr_line' id='line_1_4' title="bbox 211 858 1360 944; baseline -0.002 -21"><span class='ocrx_word' id='word_1_18' title='bbox 211 860 311 925; x_wconf 87' lang='lat' dir='ltr'><strong>tibus.</strong></span> <span class='ocrx_word' id='word_1_19' title='bbox 370 862 434 927; x_wconf 92' lang='lat' dir='ltr'><strong>Die</strong></span> <span class='ocrx_word' id='word_1_20' title='bbox 466 883 543 927; x_wconf 90' lang='lat' dir='ltr'><strong>vero</strong></span> <span class='ocrx_word' id='word_1_21' title='bbox 577 873 701 928; x_wconf 88' lang='lat' dir='ltr'><strong>statuto</strong></span> <span class='ocrx_word' id='word_1_22' title='bbox 729 874 890 929; x_wconf 85' lang='lat' dir='ltr'><strong>venerunt</strong></span> <span class='ocrx_word' id='word_1_23' title='bbox 927 865 1036 928; x_wconf 89' lang='lat' dir='ltr'><strong>Maior</strong></span> <span class='ocrx_word' id='word_1_24' title='bbox 1068 873 1102 928; x_wconf 94' lang='lat' dir='ltr'><strong>et</strong></span> <span class='ocrx_word' id='word_1_25' title='bbox 1138 862 1236 927; x_wconf 91' lang='lat' dir='ltr'><strong>Cives</strong></span> <span class='ocrx_word' id='word_1_26' title='bbox 1272 858 1360 944; x_wconf 90' lang='lat' dir='ltr'><strong>apud</strong></span> 
     </span>
     <span class='ocr_line' id='line_1_5' title="bbox 210 962 1360 1051; baseline -0.003 -23"><span class='ocrx_word' id='word_1_27' title='bbox 210 963 472 1048; x_wconf 84' lang='lat' dir='ltr'><strong>Wyndlesoram,</strong></span> <span class='ocrx_word' id='word_1_28' title='bbox 495 988 578 1051; x_wconf 90' lang='lat' dir='ltr'><strong>quos</strong></span> <span class='ocrx_word' id='word_1_29' title='bbox 609 968 679 1031; x_wconf 84' lang='lat' dir='ltr'><strong>Rex</strong></span> <span class='ocrx_word' id='word_1_30' title='bbox 705 968 819 1032; x_wconf 89' lang='lat' dir='ltr'><strong>volens</strong></span> <span class='ocrx_word' id='word_1_31' title='bbox 845 966 1052 1045; x_wconf 89' lang='lat' dir='ltr'><strong>occasionari,</strong></span> <span class='ocrx_word' id='word_1_32' title='bbox 1076 965 1154 1031; x_wconf 86' lang='lat' dir='ltr'><strong>fecit</strong></span> <span class='ocrx_word' id='word_1_33' title='bbox 1174 983 1296 1050; x_wconf 89' lang='lat' dir='ltr'><strong>ponere</strong></span> <span class='ocrx_word' id='word_1_34' title='bbox 1318 962 1360 1025; x_wconf 88' lang='lat' dir='ltr'><strong>ad</strong></span> 
     </span>
     <span class='ocr_line' id='line_1_6' title="bbox 210 1066 1360 1153; baseline -0.002 -26"><span class='ocrx_word' id='word_1_35' title='bbox 210 1066 369 1130; x_wconf 89' lang='lat' dir='ltr'><strong>rationem</strong></span> <span class='ocrx_word' id='word_1_36' title='bbox 398 1088 457 1152; x_wconf 86' lang='lat' dir='ltr'><strong>per</strong></span> <span class='ocrx_word' id='word_1_37' title='bbox 478 1066 678 1133; x_wconf 88' lang='lat' dir='ltr'><strong>Justitiarios</strong></span> <span class='ocrx_word' id='word_1_38' title='bbox 708 1090 796 1146; x_wconf 91' lang='lat' dir='ltr'><strong>suos,</strong></span> <span class='ocrx_word' id='word_1_39' title='bbox 825 1073 847 1105; x_wconf 87' lang='lat'><strong>“</strong></span> <span class='ocrx_word' id='word_1_40' title='bbox 859 1089 915 1132; x_wconf 90' lang='lat' dir='ltr'><strong>our</strong></span> <span class='ocrx_word' id='word_1_41' title='bbox 940 1078 1061 1133; x_wconf 76' lang='lat' dir='ltr'><strong>carmin</strong></span> <span class='ocrx_word' id='word_1_42' title='bbox 1086 1090 1184 1153; x_wconf 92' lang='lat' dir='ltr'><strong>quam</strong></span> <span class='ocrx_word' id='word_1_43' title='bbox 1215 1067 1360 1131; x_wconf 79' lang='lat' dir='ltr'><strong>fecerant</strong></span> 
     </span>
     <span class='ocr_line' id='line_1_7' title="bbox 210 1166 1359 1255; baseline 0 -25"><span class='ocrx_word' id='word_1_44' title='bbox 210 1166 332 1233; x_wconf 79' lang='lat' dir='ltr'><strong>Abbati</strong></span> <span class='ocrx_word' id='word_1_45' title='bbox 358 1169 640 1237; x_wconf 76' lang='lat' dir='ltr'><strong>westmonasterii</strong></span> <span class='ocrx_word' id='word_1_46' title='bbox 663 1172 945 1250; x_wconf 79' lang='lat' dir='ltr'><strong>contradixissent,</strong></span> <span class='ocrx_word' id='word_1_47' title='bbox 974 1182 1008 1236; x_wconf 92' lang='lat' dir='ltr'><strong>et</strong></span> <span class='ocrx_word' id='word_1_48' title='bbox 1031 1192 1088 1236; x_wconf 93' lang='lat' dir='ltr'><strong>cur</strong></span> <span class='ocrx_word' id='word_1_49' title='bbox 1111 1193 1177 1236; x_wconf 92' lang='lat' dir='ltr'><strong>non</strong></span> <span class='ocrx_word' id='word_1_50' title='bbox 1205 1167 1359 1255; x_wconf 90' lang='lat' dir='ltr'><strong>permise-</strong></span> 
     </span>
     <span class='ocr_line' id='line_1_8' title="bbox 208 1271 1358 1361; baseline 0.001 -28"><span class='ocrx_word' id='word_1_51' title='bbox 208 1283 281 1335; x_wconf 88' lang='lat' dir='ltr'><strong>rant</strong></span> <span class='ocrx_word' id='word_1_52' title='bbox 296 1273 456 1352; x_wconf 92' lang='lat' dir='ltr'><strong>homines,</strong></span> <span class='ocrx_word' id='word_1_53' title='bbox 471 1274 526 1358; x_wconf 93' lang='lat' dir='ltr'><strong>qui</strong></span> <span class='ocrx_word' id='word_1_54' title='bbox 541 1275 640 1361; x_wconf 89' lang='lat' dir='ltr'><strong>positi</strong></span> <span class='ocrx_word' id='word_1_55' title='bbox 654 1275 783 1339; x_wconf 82' lang='lat' dir='ltr'><strong>fuerant</strong></span> <span class='ocrx_word' id='word_1_56' title='bbox 796 1297 854 1359; x_wconf 91' lang='lat' dir='ltr'><strong>per</strong></span> <span class='ocrx_word' id='word_1_57' title='bbox 868 1285 1057 1361; x_wconf 83' lang='lat' dir='ltr'><strong>preceptum</strong></span> <span class='ocrx_word' id='word_1_58' title='bbox 1073 1297 1169 1339; x_wconf 91' lang='lat' dir='ltr'><strong>suum</strong></span> <span class='ocrx_word' id='word_1_59' title='bbox 1194 1275 1229 1338; x_wconf 94' lang='lat' dir='ltr'><strong>in</strong></span> <span class='ocrx_word' id='word_1_60' title='bbox 1251 1271 1358 1357; x_wconf 91' lang='lat' dir='ltr'><strong>inqui·</strong></span> 
     </span>
    </p>
   </div>
   <div class='ocr_carea' id='block_1_3' title="bbox 192 1373 1552 4211">
    <p class='ocr_par' dir='ltr' id='par_1_3' title="bbox 197 1373 1552 3510">
     <span class='ocr_line' id='line_1_9' title="bbox 209 1373 1358 1461; baseline 0 -25"><span class='ocrx_word' id='word_1_61' title='bbox 209 1373 326 1438; x_wconf 86' lang='lat' dir='ltr'><strong>sitione</strong></span> <span class='ocrx_word' id='word_1_62' title='bbox 341 1375 487 1439; x_wconf 83' lang='lat' dir='ltr'><strong>iacienda</strong></span> <span class='ocrx_word' id='word_1_63' title='bbox 502 1376 541 1440; x_wconf 90' lang='lat' dir='ltr'><strong>de</strong></span> <span class='ocrx_word' id='word_1_64' title='bbox 556 1377 699 1440; x_wconf 88' lang='lat' dir='ltr'><strong>tumultu</strong></span> <span class='ocrx_word' id='word_1_65' title='bbox 714 1377 799 1441; x_wconf 83' lang='lat' dir='ltr'><strong>iacto</strong></span> <span class='ocrx_word' id='word_1_66' title='bbox 821 1377 907 1441; x_wconf 81' lang='lat' dir='ltr'><strong>inter</strong></span> <span class='ocrx_word' id='word_1_67' title='bbox 927 1376 1217 1461; x_wconf 82' lang='lat' dir='ltr'><strong>Archiepisoopum</strong></span> <span class='ocrx_word' id='word_1_68' title='bbox 1234 1375 1358 1440; x_wconf 89' lang='lat' dir='ltr'><strong>Cantu-</strong></span> 
     </span>
     <span class='ocr_line' id='line_1_10' title="bbox 208 1477 1356 1559; baseline 0.001 -21"><span class='ocrx_word' id='word_1_69' title='bbox 208 1477 273 1540; x_wconf 89' lang='lat' dir='ltr'><strong>arie</strong></span> <span class='ocrx_word' id='word_1_70' title='bbox 292 1487 326 1542; x_wconf 95' lang='lat' dir='ltr'><strong>et</strong></span> <span class='ocrx_word' id='word_1_71' title='bbox 347 1477 530 1544; x_wconf 89' lang='lat' dir='ltr'><strong>Canonioos</strong></span> <span class='ocrx_word' id='word_1_72' title='bbox 555 1480 665 1544; x_wconf 88' lang='lat' dir='ltr'><strong>Sancti</strong></span> <span class='ocrx_word' id='word_1_73' title='bbox 688 1480 921 1559; x_wconf 92' lang='lat' dir='ltr'><strong>Bartholomei,</strong></span> <span class='ocrx_word' id='word_1_74' title='bbox 943 1480 1047 1545; x_wconf 82' lang='lat' dir='ltr'><strong>iacere</strong></span> <span class='ocrx_word' id='word_1_75' title='bbox 1070 1477 1356 1543; x_wconf 86' lang='lat' dir='ltr'><strong>sacramentum?”</strong></span> 
     </span>
     <span class='ocr_line' id='line_1_11' title="bbox 208 1579 1357 1667; baseline 0.001 -24"><span class='ocrx_word' id='word_1_76' title='bbox 208 1580 305 1658; x_wconf 90' lang='lat' dir='ltr'><strong>Nam,</strong></span> <span class='ocrx_word' id='word_1_77' title='bbox 321 1601 420 1665; x_wconf 91' lang='lat' dir='ltr'><strong>parvo</strong></span> <span class='ocrx_word' id='word_1_78' title='bbox 435 1592 581 1666; x_wconf 88' lang='lat' dir='ltr'><strong>tempore</strong></span> <span class='ocrx_word' id='word_1_79' title='bbox 595 1582 706 1667; x_wconf 91' lang='lat' dir='ltr'><strong>elapso</strong></span> <span class='ocrx_word' id='word_1_80' title='bbox 721 1592 826 1660; x_wconf 90' lang='lat' dir='ltr'><strong>antea,</strong></span> <span class='ocrx_word' id='word_1_81' title='bbox 842 1582 949 1647; x_wconf 92' lang='lat' dir='ltr'><strong>dictus</strong></span> <span class='ocrx_word' id='word_1_82' title='bbox 964 1581 1238 1667; x_wconf 81' lang='lat' dir='ltr'><strong>Archiepiscopus</strong></span> <span class='ocrx_word' id='word_1_83' title='bbox 1253 1579 1357 1644; x_wconf 91' lang='lat' dir='ltr'><strong>voluit</strong></span> 
     </span>
     <span class='ocr_line' id='line_1_12' title="bbox 206 1681 1356 1771; baseline 0 -26"><span class='ocrx_word' id='word_1_84' title='bbox 206 1681 409 1748; x_wconf 88' lang='lat' dir='ltr'><strong>interdictos</strong></span> <span class='ocrx_word' id='word_1_85' title='bbox 426 1683 610 1749; x_wconf 87' lang='lat' dir='ltr'><strong>Canonicos</strong></span> <span class='ocrx_word' id='word_1_86' title='bbox 626 1686 729 1750; x_wconf 86' lang='lat' dir='ltr'><strong>facere</strong></span> <span class='ocrx_word' id='word_1_87' title='bbox 743 1685 974 1764; x_wconf 83' lang='lat' dir='ltr'><strong>visitationem,</strong></span> <span class='ocrx_word' id='word_1_88' title='bbox 989 1685 1077 1771; x_wconf 90' lang='lat' dir='ltr'><strong>quod</strong></span> <span class='ocrx_word' id='word_1_89' title='bbox 1091 1684 1154 1770; x_wconf 93' lang='lat' dir='ltr'><strong>ipsi</strong></span> <span class='ocrx_word' id='word_1_90' title='bbox 1169 1684 1356 1769; x_wconf 87' lang='lat' dir='ltr'><strong>permittere</strong></span> 
     </span>
     <span class='ocr_line' id='line_1_13' title="bbox 206 1785 1354 1874; baseline -0.001 -25"><span class='ocrx_word' id='word_1_91' title='bbox 206 1786 391 1851; x_wconf 89' lang='lat' dir='ltr'><strong>noluerunt.</strong></span> <span class='ocrx_word' id='word_1_92' title='bbox 437 1786 533 1851; x_wconf 89' lang='lat' dir='ltr'><strong>Cives</strong></span> <span class='ocrx_word' id='word_1_93' title='bbox 562 1809 639 1852; x_wconf 91' lang='lat' dir='ltr'><strong>vero</strong></span> <span class='ocrx_word' id='word_1_94' title='bbox 669 1789 910 1874; x_wconf 90' lang='lat' dir='ltr'><strong>responderunt</strong></span> <span class='ocrx_word' id='word_1_95' title='bbox 946 1794 967 1827; x_wconf 91' lang='lat'>“</span> <span class='ocrx_word' id='word_1_96' title='bbox 982 1789 1070 1874; x_wconf 91' lang='lat' dir='ltr'><strong>quod</strong></span> <span class='ocrx_word' id='word_1_97' title='bbox 1103 1787 1230 1852; x_wconf 91' lang='lat' dir='ltr'><strong>nullum</strong></span> <span class='ocrx_word' id='word_1_98' title='bbox 1267 1785 1354 1849; x_wconf 91' lang='lat' dir='ltr'><strong>diem</strong></span> 
     </span>
     <span class='ocr_line' id='line_1_14' title="bbox 207 1887 1355 1975; baseline -0.001 -23"><span class='ocrx_word' id='word_1_99' title='bbox 207 1889 390 1953; x_wconf 89' lang='lat' dir='ltr'><strong>habuerunt</strong></span> <span class='ocrx_word' id='word_1_100' title='bbox 405 1889 445 1953; x_wconf 93' lang='lat' dir='ltr'><strong>ad</strong></span> <span class='ocrx_word' id='word_1_101' title='bbox 460 1890 678 1975; x_wconf 81' lang='lat' dir='ltr'><strong>placitandum</strong></span> <span class='ocrx_word' id='word_1_102' title='bbox 693 1891 739 1955; x_wconf 94' lang='lat' dir='ltr'><strong>ibi</strong></span> <span class='ocrx_word' id='word_1_103' title='bbox 754 1902 867 1957; x_wconf 90' lang='lat' dir='ltr'><strong>contra</strong></span> <span class='ocrx_word' id='word_1_104' title='bbox 883 1892 1044 1956; x_wconf 81' lang='lat' dir='ltr'><strong>Abbatem</strong></span> <span class='ocrx_word' id='word_1_105' title='bbox 1060 1887 1355 1967; x_wconf 80' lang='lat' dir='ltr'><strong>westmonasterii,</strong></span> 
     </span>
     <span class='ocr_line' id='line_1_15' title="bbox 206 1990 1355 2079; baseline 0 -26"><span class='ocrx_word' id='word_1_106' title='bbox 206 2012 267 2055; x_wconf 90' lang='lat' dir='ltr'><strong>neo</strong></span> <span class='ocrx_word' id='word_1_107' title='bbox 281 2000 372 2054; x_wconf 86' lang='lat' dir='ltr'><strong>extra</strong></span> <span class='ocrx_word' id='word_1_108' title='bbox 396 1990 559 2055; x_wconf 88' lang='lat' dir='ltr'><strong>civitatem</strong></span> <span class='ocrx_word' id='word_1_109' title='bbox 582 1992 827 2058; x_wconf 89' lang='lat' dir='ltr'><strong>Londoniarum</strong></span> <span class='ocrx_word' id='word_1_110' title='bbox 843 1993 999 2059; x_wconf 90' lang='lat' dir='ltr'><strong>deberent</strong></span> <span class='ocrx_word' id='word_1_111' title='bbox 1013 1993 1182 2079; x_wconf 83' lang='lat' dir='ltr'><strong>placitara3</strong></span> <span class='ocrx_word' id='word_1_112' title='bbox 1206 2003 1240 2056; x_wconf 91' lang='lat' dir='ltr'><strong>et</strong></span> <span class='ocrx_word' id='word_1_113' title='bbox 1254 1991 1282 2055; x_wconf 87' lang='lat' dir='ltr'><strong>si</strong></span> <span class='ocrx_word' id='word_1_114' title='bbox 1298 1991 1355 2054; x_wconf 90' lang='lat' dir='ltr'><strong>de·</strong></span> 
     </span>
     <span class='ocr_line' id='line_1_16' title="bbox 203 2091 1356 2181; baseline 0 -23"><span class='ocrx_word' id='word_1_115' title='bbox 203 2091 353 2158; x_wconf 89' lang='lat' dir='ltr'><strong>buissent</strong></span> <span class='ocrx_word' id='word_1_116' title='bbox 366 2093 442 2157; x_wconf 90' lang='lat' dir='ltr'><strong>inde</strong></span> <span class='ocrx_word' id='word_1_117' title='bbox 457 2093 620 2178; x_wconf 85' lang='lat' dir='ltr'><strong>placitare,</strong></span> <span class='ocrx_word' id='word_1_118' title='bbox 634 2096 759 2160; x_wconf 91' lang='lat' dir='ltr'><strong>nullum</strong></span> <span class='ocrx_word' id='word_1_119' title='bbox 772 2095 930 2180; x_wconf 90' lang='lat' dir='ltr'><strong>judicium</strong></span> <span class='ocrx_word' id='word_1_120' title='bbox 945 2096 1087 2181; x_wconf 88' lang='lat' dir='ltr'><strong>recipere</strong></span> <span class='ocrx_word' id='word_1_121' title='bbox 1101 2095 1177 2160; x_wconf 89' lang='lat' dir='ltr'><strong>inde</strong></span> <span class='ocrx_word' id='word_1_122' title='bbox 1200 2093 1356 2158; x_wconf 88' lang='lat' dir='ltr'><strong>deberent</strong></span> 
     </span>
     <span class='ocr_line' id='line_1_17' title="bbox 204 2194 1351 2281; baseline 0.001 -23"><span class='ocrx_word' id='word_1_123' title='bbox 204 2195 238 2259; x_wconf 96' lang='lat' dir='ltr'><strong>in</strong></span> <span class='ocrx_word' id='word_1_124' title='bbox 254 2194 400 2260; x_wconf 87' lang='lat' dir='ltr'><strong>absentia</strong></span> <span class='ocrx_word' id='word_1_125' title='bbox 409 2196 534 2280; x_wconf 93' lang='lat' dir='ltr'><strong>parium</strong></span> <span class='ocrx_word' id='word_1_126' title='bbox 550 2218 695 2276; x_wconf 89' lang='lat' dir='ltr'><strong>suorum,</strong></span> <span class='ocrx_word' id='word_1_127' title='bbox 710 2198 833 2263; x_wconf 88' lang='lat' dir='ltr'><strong>scilicet</strong></span> <span class='ocrx_word' id='word_1_128' title='bbox 845 2198 1024 2277; x_wconf 89' lang='lat' dir='ltr'><strong>Comitum,</strong></span> <span class='ocrx_word' id='word_1_129' title='bbox 1037 2198 1203 2263; x_wconf 89' lang='lat' dir='ltr'><strong>Baronum</strong></span> <span class='ocrx_word' id='word_1_130' title='bbox 1215 2196 1351 2281; x_wconf 81' lang='lat' dir='ltr'><strong>Anglie3</strong></span> 
     </span>
     <span class='ocr_line' id='line_1_18' title="bbox 203 2297 1350 2385; baseline 0.002 -25"><span class='ocrx_word' id='word_1_131' title='bbox 203 2306 238 2360; x_wconf 90' lang='lat' dir='ltr'><strong>et</strong></span> <span class='ocrx_word' id='word_1_132' title='bbox 252 2297 340 2382; x_wconf 91' lang='lat' dir='ltr'><strong>quod</strong></span> <span class='ocrx_word' id='word_1_133' title='bbox 355 2298 463 2362; x_wconf 87' lang='lat' dir='ltr'><strong>nullus</strong></span> <span class='ocrx_word' id='word_1_134' title='bbox 479 2299 578 2363; x_wconf 93' lang='lat' dir='ltr'><strong>homo</strong></span> <span class='ocrx_word' id='word_1_135' title='bbox 593 2299 838 2364; x_wconf 90' lang='lat' dir='ltr'><strong>Londoniarum</strong></span> <span class='ocrx_word' id='word_1_136' title='bbox 853 2299 952 2364; x_wconf 88' lang='lat' dir='ltr'><strong>debet</strong></span> <span class='ocrx_word' id='word_1_137' title='bbox 961 2301 1081 2385; x_wconf 87' lang='lat' dir='ltr'><strong>jurare,</strong></span> <span class='ocrx_word' id='word_1_138' title='bbox 1095 2298 1158 2363; x_wconf 90' lang='lat' dir='ltr'><strong>nisi</strong></span> <span class='ocrx_word' id='word_1_139' title='bbox 1173 2319 1232 2384; x_wconf 90' lang='lat' dir='ltr'><strong>per</strong></span> <span class='ocrx_word' id='word_1_140' title='bbox 1246 2321 1350 2363; x_wconf 90' lang='lat' dir='ltr'><strong>sacra-</strong></span> 
     </span>
     <span class='ocr_line' id='line_1_19' title="bbox 203 2401 1352 2488; baseline 0 -24"><span class='ocrx_word' id='word_1_141' title='bbox 203 2411 361 2480; x_wconf 90' lang='lat' dir='ltr'><strong>mentum,</strong></span> <span class='ocrx_word' id='word_1_142' title='bbox 377 2402 464 2486; x_wconf 91' lang='lat' dir='ltr'><strong>quod</strong></span> <span class='ocrx_word' id='word_1_143' title='bbox 479 2403 597 2466; x_wconf 81' lang='lat' dir='ltr'><strong>iecerat</strong></span> <span class='ocrx_word' id='word_1_144' title='bbox 611 2403 756 2467; x_wconf 88' lang='lat' dir='ltr'><strong>Domino</strong></span> <span class='ocrx_word' id='word_1_145' title='bbox 773 2403 863 2488; x_wconf 85' lang='lat' dir='ltr'><strong>Regi,</strong></span> <span class='ocrx_word' id='word_1_146' title='bbox 884 2413 919 2468; x_wconf 90' lang='lat' dir='ltr'><strong>et</strong></span> <span class='ocrx_word' id='word_1_147' title='bbox 943 2403 978 2466; x_wconf 92' lang='lat' dir='ltr'><strong>in</strong></span> <span class='ocrx_word' id='word_1_148' title='bbox 1000 2403 1066 2467; x_wconf 88' lang='lat' dir='ltr'><strong>fide</strong></span> <span class='ocrx_word' id='word_1_149' title='bbox 1088 2424 1152 2488; x_wconf 86' lang='lat' dir='ltr'><strong>qua</strong></span> <span class='ocrx_word' id='word_1_150' title='bbox 1166 2411 1296 2467; x_wconf 85' lang='lat' dir='ltr'><strong>tenetur</strong></span> <span class='ocrx_word' id='word_1_151' title='bbox 1310 2401 1352 2482; x_wconf 96' lang='lat' dir='ltr'><strong>ei,</strong></span> 
     </span>
     <span class='ocr_line' id='line_1_20' title="bbox 201 2503 1352 2591; baseline 0.002 -25"><span class='ocrx_word' id='word_1_152' title='bbox 201 2504 236 2566; x_wconf 94' lang='lat' dir='ltr'><strong>in</strong></span> <span class='ocrx_word' id='word_1_153' title='bbox 260 2503 366 2588; x_wconf 93' lang='lat' dir='ltr'><strong>aliqua</strong></span> <span class='ocrx_word' id='word_1_154' title='bbox 390 2504 609 2589; x_wconf 87' lang='lat' dir='ltr'><strong>inquisitione,</strong></span> <span class='ocrx_word' id='word_1_155' title='bbox 635 2505 698 2569; x_wconf 89' lang='lat' dir='ltr'><strong>nisi</strong></span> <span class='ocrx_word' id='word_1_156' title='bbox 725 2507 823 2570; x_wconf 87' lang='lat' dir='ltr'><strong>fuerit</strong></span> <span class='ocrx_word' id='word_1_157' title='bbox 850 2506 908 2570; x_wconf 91' lang='lat' dir='ltr'><strong>ubi</strong></span> <span class='ocrx_word' id='word_1_158' title='bbox 937 2505 1053 2591; x_wconf 88' lang='lat' dir='ltr'><strong>aliquis</strong></span> <span class='ocrx_word' id='word_1_159' title='bbox 1077 2513 1190 2590; x_wconf 90' lang='lat' dir='ltr'><strong>posset</strong></span> <span class='ocrx_word' id='word_1_160' title='bbox 1218 2505 1352 2590; x_wconf 86' lang='lat' dir='ltr'><strong>perdere</strong></span> 
     </span>
     <span class='ocr_line' id='line_1_21' title="bbox 201 2604 1352 2692; baseline 0 -23"><span class='ocrx_word' id='word_1_161' title='bbox 201 2605 302 2669; x_wconf 89' lang='lat' dir='ltr'><strong>vitam</strong></span> <span class='ocrx_word' id='word_1_162' title='bbox 317 2604 369 2668; x_wconf 92' lang='lat' dir='ltr'><strong>vel</strong></span> <span class='ocrx_word' id='word_1_163' title='bbox 393 2605 547 2684; x_wconf 90' lang='lat' dir='ltr'><strong>membra,</strong></span> <span class='ocrx_word' id='word_1_164' title='bbox 562 2606 614 2671; x_wconf 90' lang='lat' dir='ltr'><strong>vel</strong></span> <span class='ocrx_word' id='word_1_165' title='bbox 629 2606 671 2670; x_wconf 91' lang='lat' dir='ltr'><strong>sd</strong></span> <span class='ocrx_word' id='word_1_166' title='bbox 690 2616 808 2671; x_wconf 87' lang='lat' dir='ltr'><strong>terram</strong></span> <span class='ocrx_word' id='word_1_167' title='bbox 834 2606 1032 2692; x_wconf 88' lang='lat' dir='ltr'><strong>perdendam</strong></span> <span class='ocrx_word' id='word_1_168' title='bbox 1047 2605 1116 2671; x_wconf 88' lang='lat' dir='ltr'><strong>sive</strong></span> <span class='ocrx_word' id='word_1_169' title='bbox 1131 2605 1352 2671; x_wconf 86' lang='lat' dir='ltr'><strong>lucrandam.&#39;&#39;</strong></span> 
     </span>
     <span class='ocr_line' id='line_1_22' title="bbox 202 2706 1352 2796; baseline 0.001 -24"><span class='ocrx_word' id='word_1_170' title='bbox 202 2708 320 2772; x_wconf 87' lang='lat' dir='ltr'><strong>Postea</strong></span> <span class='ocrx_word' id='word_1_171' title='bbox 334 2706 445 2772; x_wconf 89' lang='lat' dir='ltr'><strong>habito</strong></span> <span class='ocrx_word' id='word_1_172' title='bbox 460 2709 595 2773; x_wconf 90' lang='lat' dir='ltr'><strong>consilio</strong></span> <span class='ocrx_word' id='word_1_173' title='bbox 609 2708 694 2774; x_wconf 78' lang='lat' dir='ltr'><strong>inter</strong></span> <span class='ocrx_word' id='word_1_174' title='bbox 709 2711 831 2796; x_wconf 77' lang='lat' dir='ltr'><strong>Regem</strong></span> <span class='ocrx_word' id='word_1_175' title='bbox 846 2719 880 2774; x_wconf 93' lang='lat' dir='ltr'><strong>et</strong></span> <span class='ocrx_word' id='word_1_176' title='bbox 894 2709 1065 2775; x_wconf 90' lang='lat' dir='ltr'><strong>consilium</strong></span> <span class='ocrx_word' id='word_1_177' title='bbox 1081 2731 1177 2773; x_wconf 92' lang='lat' dir='ltr'><strong>suum</strong></span> <span class='ocrx_word' id='word_1_178' title='bbox 1199 2709 1352 2774; x_wconf 87' lang='lat' dir='ltr'><strong>retrsdita</strong></span> 
     </span>
     <span class='ocr_line' id='line_1_23' title="bbox 201 2811 1348 2898; baseline 0 -23"><span class='ocrx_word' id='word_1_179' title='bbox 201 2811 264 2875; x_wconf 82' lang='lat' dir='ltr'><strong>fuit</strong></span> <span class='ocrx_word' id='word_1_180' title='bbox 279 2811 402 2876; x_wconf 83' lang='lat' dir='ltr'><strong>Civitas</strong></span> <span class='ocrx_word' id='word_1_181' title='bbox 421 2811 568 2891; x_wconf 79' lang='lat' dir='ltr'><strong>Civibus,</strong></span> <span class='ocrx_word' id='word_1_182' title='bbox 585 2821 620 2877; x_wconf 89' lang='lat' dir='ltr'><strong>et</strong></span> <span class='ocrx_word' id='word_1_183' title='bbox 642 2813 737 2876; x_wconf 90' lang='lat' dir='ltr'><strong>datus</strong></span> <span class='ocrx_word' id='word_1_184' title='bbox 761 2822 812 2877; x_wconf 91' lang='lat' dir='ltr'><strong>est</strong></span> <span class='ocrx_word' id='word_1_185' title='bbox 833 2814 880 2878; x_wconf 89' lang='lat' dir='ltr'><strong>eis</strong></span> <span class='ocrx_word' id='word_1_186' title='bbox 902 2835 1006 2898; x_wconf 85' lang='lat' dir='ltr'><strong>usque</strong></span> <span class='ocrx_word' id='word_1_187' title='bbox 1028 2812 1070 2876; x_wconf 92' lang='lat' dir='ltr'><strong>ad</strong></span> <span class='ocrx_word' id='word_1_188' title='bbox 1088 2812 1348 2877; x_wconf 78' lang='lat' dir='ltr'><strong>&#39;l&#39;mnslationem</strong></span> 
     </span>
     <span class='ocr_line' id='line_1_24' title="bbox 201 2913 1475 2995; baseline -0.001 -17"><span class='ocrx_word' id='word_1_189' title='bbox 201 2913 312 2978; x_wconf 89' lang='lat' dir='ltr'><strong>Sancti</strong></span> <span class='ocrx_word' id='word_1_190' title='bbox 327 2913 488 2978; x_wconf 86' lang='lat' dir='ltr'><strong>Edwardi.</strong></span> <span class='ocrx_word' id='word_1_191' title='bbox 526 2914 654 2978; x_wconf 84' lang='lat' dir='ltr'><strong>Eodem</strong></span> <span class='ocrx_word' id='word_1_192' title='bbox 668 2936 754 2979; x_wconf 90' lang='lat' dir='ltr'><strong>anno</strong></span> <span class='ocrx_word' id='word_1_193' title='bbox 769 2915 854 2979; x_wconf 88' lang='lat' dir='ltr'><strong>circa</strong></span> <span class='ocrx_word' id='word_1_194' title='bbox 867 2915 986 2980; x_wconf 78' lang='lat' dir='ltr'><strong>festum</strong></span> <span class='ocrx_word' id='word_1_195' title='bbox 998 2913 1110 2980; x_wconf 88' lang='lat' dir='ltr'><strong>Sancti</strong></span> <span class='ocrx_word' id='word_1_196' title='bbox 1120 2913 1237 2980; x_wconf 85' lang='lat' dir='ltr'><strong>Jacobi</strong></span> <span class='ocrx_word' id='word_1_197' title='bbox 1251 2936 1349 2978; x_wconf 92' lang='lat' dir='ltr'><strong>vene·</strong></span> <span class='ocrx_word' id='word_1_198' title='bbox 1469 2983 1475 2995; x_wconf 51' lang='grc'>,</span> 
     </span>
     <span class='ocr_line' id='line_1_25' title="bbox 201 2981 1552 3109; baseline 0.001 -27"><span class='ocrx_word' id='word_1_199' title='bbox 201 3029 279 3082; x_wconf 90' lang='lat' dir='ltr'><strong>runt</strong></span> <span class='ocrx_word' id='word_1_200' title='bbox 292 3040 439 3082; x_wconf 91' lang='lat' dir='ltr'><strong>rumores</strong></span> <span class='ocrx_word' id='word_1_201' title='bbox 455 3018 647 3097; x_wconf 91' lang='lat' dir='ltr'><strong>Londoniis,</strong></span> <span class='ocrx_word' id='word_1_202' title='bbox 657 3041 716 3104; x_wconf 91' lang='lat' dir='ltr'><strong>pro</strong></span> <span class='ocrx_word' id='word_1_203' title='bbox 728 3020 835 3085; x_wconf 89' lang='lat' dir='ltr'><strong>dolor!</strong></span> <span class='ocrx_word' id='word_1_204' title='bbox 849 3020 937 3105; x_wconf 90' lang='lat' dir='ltr'><strong>quod</strong></span> <span class='ocrx_word' id='word_1_205' title='bbox 949 3019 1114 3105; x_wconf 88' lang='lat' dir='ltr'><strong>predictus</strong></span> <span class='ocrx_word' id='word_1_206' title='bbox 1127 3020 1197 3084; x_wconf 79' lang='lat' dir='ltr'><strong>Rex</strong></span> <span class='ocrx_word' id='word_1_207' title='bbox 1213 3019 1348 3084; x_wconf 82' lang='lat' dir='ltr'><strong>Francia</strong></span> <span class='ocrx_word' id='word_1_208' title='bbox 1363 2981 1552 3109; x_wconf 45' lang='lat' dir='ltr'><strong>mm</strong></span> 
     </span>
     <span class='ocr_line' id='line_1_26' title="bbox 201 3119 1349 3204; baseline 0 -20"><span class='ocrx_word' id='word_1_209' title='bbox 201 3128 316 3204; x_wconf 85' lang='lat' dir='ltr'><strong>captus</strong></span> <span class='ocrx_word' id='word_1_210' title='bbox 341 3119 404 3183; x_wconf 82' lang='lat' dir='ltr'><strong>fuit</strong></span> <span class='ocrx_word' id='word_1_211' title='bbox 432 3142 451 3183; x_wconf 90' lang='lat' dir='ltr'><strong>a</strong></span> <span class='ocrx_word' id='word_1_212' title='bbox 482 3120 674 3198; x_wconf 86' lang='lat' dir='ltr'><strong>Sarracenis,</strong></span> <span class='ocrx_word' id='word_1_213' title='bbox 700 3120 852 3184; x_wconf 83' lang='lat' dir='ltr'><strong>fratribus</strong></span> <span class='ocrx_word' id='word_1_214' title='bbox 879 3120 1003 3186; x_wconf 87' lang='lat' dir='ltr'><strong>suiset</strong></span> <span class='ocrx_word' id='word_1_215' title='bbox 1036 3121 1103 3184; x_wconf 82' lang='lat' dir='ltr'><strong>iera</strong></span> <span class='ocrx_word' id='word_1_216' title='bbox 1128 3119 1281 3185; x_wconf 88' lang='lat' dir='ltr'><strong>omnibus</strong></span> <span class='ocrx_word' id='word_1_217' title='bbox 1308 3121 1349 3184; x_wconf 93' lang='lat' dir='ltr'><strong>de</strong></span> 
     </span>
     <span class='ocr_line' id='line_1_27' title="bbox 200 3219 1349 3307; baseline -0.001 -22"><span class='ocrx_word' id='word_1_218' title='bbox 200 3221 343 3286; x_wconf 86' lang='lat' dir='ltr'><strong>exercitu</strong></span> <span class='ocrx_word' id='word_1_219' title='bbox 359 3219 536 3285; x_wconf 91' lang='lat' dir='ltr'><strong>Christiani</strong></span> <span class='ocrx_word' id='word_1_220' title='bbox 562 3222 630 3285; x_wconf 88' lang='lat' dir='ltr'><strong>sive</strong></span> <span class='ocrx_word' id='word_1_221' title='bbox 656 3221 758 3307; x_wconf 83' lang='lat' dir='ltr'><strong>captis</strong></span> <span class='ocrx_word' id='word_1_222' title='bbox 785 3223 853 3286; x_wconf 89' lang='lat' dir='ltr'><strong>sive</strong></span> <span class='ocrx_word' id='word_1_223' title='bbox 876 3221 1002 3287; x_wconf 90' lang='lat' dir='ltr'><strong>occisis.</strong></span> <span class='ocrx_word' id='word_1_224' title='bbox 1056 3220 1133 3305; x_wconf 86' lang='lat' dir='ltr'><strong>Ipse</strong></span> <span class='ocrx_word' id='word_1_225' title='bbox 1158 3241 1247 3299; x_wconf 87' lang='lat' dir='ltr'><strong>varo,</strong></span> <span class='ocrx_word' id='word_1_226' title='bbox 1272 3232 1349 3306; x_wconf 92' lang='lat' dir='ltr'><strong>post</strong></span> 
     </span>
     <span class='ocr_line' id='line_1_28' title="bbox 198 3321 1347 3409; baseline 0.002 -23"><span class='ocrx_word' id='word_1_227' title='bbox 198 3323 363 3387; x_wconf 88' lang='lat' dir='ltr'><strong>modicum</strong></span> <span class='ocrx_word' id='word_1_228' title='bbox 377 3332 518 3407; x_wconf 89' lang='lat' dir='ltr'><strong>tempus,</strong></span> <span class='ocrx_word' id='word_1_229' title='bbox 529 3333 643 3406; x_wconf 81' lang='lat' dir='ltr'><strong>postea</strong></span> <span class='ocrx_word' id='word_1_230' title='bbox 653 3324 841 3408; x_wconf 89' lang='lat' dir='ltr'><strong>redemptus</strong></span> <span class='ocrx_word' id='word_1_231' title='bbox 849 3323 912 3387; x_wconf 81' lang='lat' dir='ltr'><strong>fuit</strong></span> <span class='ocrx_word' id='word_1_232' title='bbox 925 3343 984 3409; x_wconf 88' lang='lat' dir='ltr'><strong>per</strong></span> <span class='ocrx_word' id='word_1_233' title='bbox 996 3321 1200 3409; x_wconf 83' lang='lat' dir='ltr'><strong>Templarios</strong></span> <span class='ocrx_word' id='word_1_234' title='bbox 1211 3333 1246 3387; x_wconf 92' lang='lat' dir='ltr'><strong>et</strong></span> <span class='ocrx_word' id='word_1_235' title='bbox 1257 3322 1347 3388; x_wconf 90' lang='lat' dir='ltr'><strong>Hos·</strong></span> 
     </span>
     <span class='ocr_line' id='line_1_29' title="bbox 197 3423 372 3510; baseline -0.006 -22"><span class='ocrx_word' id='word_1_236' title='bbox 197 3423 372 3510; x_wconf 86' lang='lat' dir='ltr'><strong>pitalarios.</strong></span> 
     </span>
    </p>

    <p class='ocr_par' dir='ltr' id='par_1_4' title="bbox 282 3525 941 3605">
     <span class='ocr_line' id='line_1_30' title="bbox 282 3525 941 3605; baseline 0 -15"><span class='ocrx_word' id='word_1_237' title='bbox 282 3525 479 3590; x_wconf 89' lang='lat' dir='ltr'><strong>Willielmus</strong></span> <span class='ocrx_word' id='word_1_238' title='bbox 495 3525 580 3588; x_wconf 89' lang='lat' dir='ltr'><strong>filius</strong></span> <span class='ocrx_word' id='word_1_239' title='bbox 602 3525 742 3605; x_wconf 87' lang='lat' dir='ltr'><strong>Ricardi,</strong></span> <span class='ocrx_word' id='word_1_240' title='bbox 756 3525 786 3590; x_wconf 95' lang='lat' dir='ltr'><strong>le</strong></span> <span class='ocrx_word' id='word_1_241' title='bbox 803 3526 941 3590; x_wconf 88' lang='lat' dir='ltr'><strong>Prestre.</strong></span> 
     </span>
    </p>

    <p class='ocr_par' dir='ltr' id='par_1_5' title="bbox 284 3627 641 3693">
     <span class='ocr_line' id='line_1_31' title="bbox 284 3627 641 3693; baseline -0.006 0"><span class='ocrx_word' id='word_1_242' title='bbox 284 3628 468 3693; x_wconf 83' lang='lat' dir='ltr'><strong>Hunlridus</strong></span> <span class='ocrx_word' id='word_1_243' title='bbox 483 3628 513 3691; x_wconf 93' lang='lat' dir='ltr'><strong>le</strong></span> <span class='ocrx_word' id='word_1_244' title='bbox 529 3627 641 3692; x_wconf 86' lang='lat' dir='ltr'><strong>Fevre.</strong></span> 
     </span>
    </p>

    <p class='ocr_par' dir='ltr' id='par_1_6' title="bbox 192 3730 1344 4125">
     <span class='ocr_line' id='line_1_32' title="bbox 235 3730 1343 3798; baseline 0.002 -2"><span class='ocrx_word' id='word_1_245' title='bbox 235 3733 310 3796; x_wconf 91' lang='lat' dir='ltr'><strong>Hoc</strong></span> <span class='ocrx_word' id='word_1_246' title='bbox 320 3753 405 3795; x_wconf 91' lang='lat' dir='ltr'><strong>anno</strong></span> <span class='ocrx_word' id='word_1_247' title='bbox 415 3732 519 3795; x_wconf 84' lang='lat' dir='ltr'><strong>factus</strong></span> <span class='ocrx_word' id='word_1_248' title='bbox 527 3742 579 3795; x_wconf 87' lang='lat' dir='ltr'><strong>est</strong></span> <span class='ocrx_word' id='word_1_249' title='bbox 587 3730 695 3794; x_wconf 90' lang='lat' dir='ltr'><strong>Maior</strong></span> <span class='ocrx_word' id='word_1_250' title='bbox 703 3730 871 3796; x_wconf 88' lang='lat' dir='ltr'><strong>Johsnnes</strong></span> <span class='ocrx_word' id='word_1_251' title='bbox 881 3731 1102 3796; x_wconf 74' lang='lat' dir='ltr'><strong>Normannus·</strong></span> <span class='ocrx_word' id='word_1_252' title='bbox 1120 3732 1247 3798; x_wconf 82' lang='lat' dir='ltr'><strong>Eodem</strong></span> <span class='ocrx_word' id='word_1_253' title='bbox 1257 3754 1343 3798; x_wconf 86' lang='lat' dir='ltr'><strong>anno</strong></span> 
     </span>
     <span class='ocr_line' id='line_1_33' title="bbox 195 3832 1344 3918; baseline 0.003 -20"><span class='ocrx_word' id='word_1_254' title='bbox 195 3842 354 3898; x_wconf 88' lang='lat' dir='ltr'><strong>statutum</strong></span> <span class='ocrx_word' id='word_1_255' title='bbox 369 3844 420 3897; x_wconf 92' lang='lat' dir='ltr'><strong>est</strong></span> <span class='ocrx_word' id='word_1_256' title='bbox 434 3855 492 3918; x_wconf 90' lang='lat' dir='ltr'><strong>per</strong></span> <span class='ocrx_word' id='word_1_257' title='bbox 507 3834 605 3899; x_wconf 91' lang='lat' dir='ltr'><strong>Cives</strong></span> <span class='ocrx_word' id='word_1_258' title='bbox 621 3832 673 3897; x_wconf 91' lang='lat' dir='ltr'><strong>die</strong></span> <span class='ocrx_word' id='word_1_259' title='bbox 691 3833 785 3898; x_wconf 91' lang='lat' dir='ltr'><strong>Lune</strong></span> <span class='ocrx_word' id='word_1_260' title='bbox 799 3843 875 3917; x_wconf 91' lang='lat' dir='ltr'><strong>post</strong></span> <span class='ocrx_word' id='word_1_261' title='bbox 889 3834 1009 3898; x_wconf 83' lang='lat' dir='ltr'><strong>festum</strong></span> <span class='ocrx_word' id='word_1_262' title='bbox 1033 3833 1144 3900; x_wconf 89' lang='lat' dir='ltr'><strong>Sancti</strong></span> <span class='ocrx_word' id='word_1_263' title='bbox 1160 3835 1344 3916; x_wconf 89' lang='lat' dir='ltr'><strong>Michaelis,</strong></span> 
     </span>
     <span class='ocr_line' id='line_1_34' title="bbox 195 3936 1344 4023; baseline 0.004 -22"><span class='ocrx_word' id='word_1_264' title='bbox 195 3938 282 4023; x_wconf 91' lang='lat' dir='ltr'><strong>quod</strong></span> <span class='ocrx_word' id='word_1_265' title='bbox 298 3937 451 4001; x_wconf 84' lang='lat' dir='ltr'><strong>custodes</strong></span> <span class='ocrx_word' id='word_1_266' title='bbox 466 3937 580 4002; x_wconf 90' lang='lat' dir='ltr'><strong>Pontis</strong></span> <span class='ocrx_word' id='word_1_267' title='bbox 606 3936 851 4002; x_wconf 90' lang='lat' dir='ltr'><strong>Londoniarum</strong></span> <span class='ocrx_word' id='word_1_268' title='bbox 872 3960 892 4002; x_wconf 89' lang='lat' dir='ltr'><strong>a</strong></span> <span class='ocrx_word' id='word_1_269' title='bbox 914 3938 966 4002; x_wconf 92' lang='lat' dir='ltr'><strong>die</strong></span> <span class='ocrx_word' id='word_1_270' title='bbox 992 3937 1047 4002; x_wconf 87' lang='lat' dir='ltr'><strong>illa</strong></span> <span class='ocrx_word' id='word_1_271' title='bbox 1072 3939 1106 4002; x_wconf 90' lang='lat' dir='ltr'><strong>in</strong></span> <span class='ocrx_word' id='word_1_272' title='bbox 1131 3949 1237 4020; x_wconf 86' lang='lat' dir='ltr'><strong>antea,</strong></span> <span class='ocrx_word' id='word_1_273' title='bbox 1261 3942 1344 4006; x_wconf 89' lang='lat' dir='ltr'><strong>nibil</strong></span> 
     </span>
     <span class='ocr_line' id='line_1_35' title="bbox 192 4039 1342 4125; baseline 0.006 -22"><span class='ocrx_word' id='word_1_274' title='bbox 192 4051 328 4125; x_wconf 92' lang='lat' dir='ltr'><strong>possent</strong></span> <span class='ocrx_word' id='word_1_275' title='bbox 341 4039 471 4119; x_wconf 86' lang='lat' dir='ltr'><strong>babere,</strong></span> <span class='ocrx_word' id='word_1_276' title='bbox 486 4062 599 4125; x_wconf 90' lang='lat' dir='ltr'><strong>capere</strong></span> <span class='ocrx_word' id='word_1_277' title='bbox 610 4040 662 4105; x_wconf 88' lang='lat' dir='ltr'><strong>vel</strong></span> <span class='ocrx_word' id='word_1_278' title='bbox 672 4040 809 4107; x_wconf 85' lang='lat' dir='ltr'><strong>clamare</strong></span> <span class='ocrx_word' id='word_1_279' title='bbox 821 4042 861 4107; x_wconf 93' lang='lat' dir='ltr'><strong>de</strong></span> <span class='ocrx_word' id='word_1_280' title='bbox 873 4041 1010 4106; x_wconf 87' lang='lat' dir='ltr'><strong>navibus</strong></span> <span class='ocrx_word' id='word_1_281' title='bbox 1025 4042 1093 4107; x_wconf 91' lang='lat' dir='ltr'><strong>sive</strong></span> <span class='ocrx_word' id='word_1_282' title='bbox 1102 4041 1199 4107; x_wconf 88' lang='lat' dir='ltr'><strong>rebus</strong></span> <span class='ocrx_word' id='word_1_283' title='bbox 1212 4043 1342 4110; x_wconf 83' lang='lat' dir='ltr'><strong>Civium</strong></span> 
     </span>
    </p>

    <p class='ocr_par' dir='ltr' id='par_1_7' title="bbox 240 4161 1178 4211">
     <span class='ocr_line' id='line_1_36' title="bbox 240 4161 1178 4211; baseline 0.007 -7"><span class='ocrx_word' id='word_1_284' title='bbox 240 4161 357 4205; x_wconf 72' lang='lat' dir='ltr'><strong>cauo.</strong></span> <span class='ocrx_word' id='word_1_285' title='bbox 373 4161 447 4206; x_wconf 87' lang='lat' dir='ltr'><strong>aoc.</strong></span> <span class='ocrx_word' id='word_1_286' title='bbox 1154 4166 1178 4211; x_wconf 83' lang='lat' dir='ltr'><strong>u</strong></span> 
     </span>
    </p>
   </div>
   <div class='ocr_carea' id='block_1_4' title="bbox 0 0 1774 4830">
    <p class='ocr_par' dir='ltr' id='par_1_8' title="bbox 0 0 1774 4830">
     <span class='ocr_line' id='line_1_37' title="bbox 0 0 1774 4830; baseline 0 8"><span class='ocrx_word' id='word_1_287' title='bbox 0 0 1774 4830; x_wconf 95' lang='lat' dir='ltr'><strong> </strong></span> 
     </span>
    </p>
   </div>
  </div>
 </body>
</html>
