3540 4830
498 502 755 550 vrcncourrou
774 499 1060 548 nonnonmnuu.
1311 481 1351 540 18

204 662 238 718 et
252 654 315 719 hoc
329 653 392 720 fuit
418 663 530 719 contra
553 655 717 720 libertates
741 666 776 719 et
801 651 1054 718 consuetudines
1079 647 1239 728 Civitatis,
1264 648 1353 713 unde

206 757 379 840 Magnates
395 757 556 835 Civitatis,
571 781 723 823 unacum
744 755 871 820 Maiore
895 776 966 832 suo,
989 754 1086 818 Petro
1108 752 1175 816 filio
1190 750 1298 829 Alani,
1320 758 1354 815 et

205 858 414 922 multitudine
445 858 586 937 Civium,
613 859 647 922 in
672 860 823 924 Crastino
848 858 997 922 adiemnt
1031 855 1212 920 Prioratum
1242 852 1354 918 Sancti

205 960 438 1041 Bartholomei,
453 972 624 1026 monentes
646 962 789 1026 Priorem
812 971 846 1026 et
868 959 1051 1025 Canonicos
1067 958 1213 1043 ejusdem
1228 956 1301 1036 loci,
1316 965 1355 1020 ut

204 1066 484 1149 presumptionem
509 1065 596 1128 illam
623 1065 844 1142 emendarent,
870 1073 904 1128 et
923 1064 963 1128 ab
986 1063 1040 1127 illa
1062 1061 1274 1139 desisterent3
1297 1058 1354 1143 qui

204 1162 419 1230 incontinenti
435 1189 469 1232 se
484 1177 697 1247 retraxerunt,
712 1176 746 1232 et
758 1168 881 1232 editum
896 1166 958 1230 fuit
971 1186 1030 1251 per
1046 1163 1205 1228 Maiorem
1221 1173 1255 1227 et
1268 1160 1355 1225 vioe-

206 1269 341 1333 comites
357 1270 613 1349 Londoniarum,
629 1271 715 1355 quod
739 1270 967 1334 omnishomo
992 1268 1026 1331 in
1046 1268 1117 1331 foro
1143 1266 1199 1330 ilio
1224 1263 1355 1341 vendat,

205 1382 293 1435 emat
320 1383 355 1436 ct
384 1373 552 1457 ponderat,
575 1373 660 1437 sicut
688 1384 783 1436 antea
808 1379 1059 1436 consueverunt.
1114 1369 1241 1432 Eodem
1268 1387 1354 1430 anno

206 1474 287 1538 obiit
303 1477 461 1540 Radulfus
479 1476 587 1562 Eswy,
604 1478 743 1551 Mercer,
758 1476 891 1540 infesto
908 1475 1029 1540 Cosme
1044 1483 1077 1538 et
1091 1470 1255 1536 Damiani.

293 1578 489 1643 Willielmus
503 1580 598 1665 Vyel.
1361 1574 1578 1701 &22⁰5me

294 1680 379 1746 Item
390 1683 654 1747 NicholausBat.
1369 1655 1558 1768 equanam.

250 1784 325 1849 Hoc
351 1807 438 1848 anno
461 1786 495 1848 in
522 1785 731 1850 translatione
751 1785 862 1850 Sancti
883 1783 1032 1848 Edwardi
1058 1782 1155 1865 Regis
1170 1790 1205 1845 et
1220 1780 1356 1846 Confes-

207 1886 288 1951 soris
304 1887 409 1951 delata
424 1899 474 1952 est
489 1889 627 1973 quedam
643 1911 717 1973 pars
733 1888 854 1953 cruoris
871 1886 1006 1953 Domini
1021 1886 1125 1950 nostri
1139 1885 1222 1950 Jesu
1244 1883 1357 1949 Christ

206 1990 293 2073 apud
309 1990 508 2071 Londonias,
531 1992 629 2055 missa
643 2015 663 2055 a
683 1991 865 2056 Patriarcha
888 1989 1086 2075 lerosolyme
1102 1987 1247 2053 Domino
1264 1987 1356 2071 Regi,

206 2112 268 2175 que
284 2094 439 2157 remansit
453 2094 540 2178 apud
558 2094 896 2157 Wcstmonasterium.
942 2092 1070 2156 Eodem
1085 2112 1171 2156 anno
1187 2095 1290 2154 factus
1305 2099 1357 2154 est

207 2195 315 2258 Maior
330 2196 447 2259 iterum
463 2196 606 2260 Michael
627 2197 755 2283 Thovy,
778 2207 811 2260 et
837 2196 979 2260 edictum
1002 2195 1065 2258 fuit
1087 2216 1146 2279 per
1168 2203 1356 2279 preceptum

206 2296 341 2361 Domini
368 2298 475 2382 Regis,
502 2298 589 2383 quod
616 2299 644 2362 si
670 2299 784 2383 aliquis
811 2297 961 2363 denarius
986 2297 1054 2362 sive
1074 2296 1190 2361 obolus
1205 2306 1356 2361 retonsus

205 2397 358 2463 inventus
380 2400 497 2464 fuisset
511 2401 655 2486 prolatus
671 2401 712 2464 ad
734 2401 856 2485 aliquid
870 2399 1057 2478 emendum,
1080 2399 1191 2462 statim
1215 2399 1357 2484 perfora·

205 2513 304 2566 retur.
348 2503 441 2566 Tunc
467 2503 601 2567 omnino
627 2513 733 2567 creato
754 2513 805 2567 est
826 2525 911 2567 nova
930 2511 1073 2582 moneto,
1096 2501 1229 2580 scilicet,
1245 2501 1355 2565 statim

205 2613 283 2687 post
297 2605 417 2669 festum
433 2605 591 2669 Omnium
608 2606 812 2670 Sanctorum.
857 2607 984 2673 Eodem
1009 2626 1106 2683 anno,
1122 2604 1173 2668 die
1188 2604 1265 2668 lune
1280 2612 1356 2689 post

205 2706 259 2769 Ad
274 2707 402 2772 vincula
417 2708 529 2773 Sancti
545 2708 643 2788 Petri,
658 2709 794 2773 accessit
805 2709 968 2772 Henricus
984 2706 1024 2771 de
1038 2707 1097 2786 Ba,
1109 2704 1321 2784 Justitiarius,
1337 2728 1356 2770 a

206 2808 351 2874 Domino
373 2812 459 2894 Rege
483 2809 631 2888 emissus,
647 2810 734 2895 apud
757 2811 913 2875 Sanctum
938 2808 1120 2873 Martinum
1140 2807 1300 2892 Magnum
1315 2807 1357 2871 ad

206 2911 403 2975 audiendum
426 2914 608 2991 recordum,
629 2913 717 2997 quod
732 2912 844 2976 datum
859 2912 921 2976 fuit
935 2934 993 2997 per
1014 2910 1250 2998 querimoniam
1266 2911 1358 2975 Mar-

205 3013 290 3096 gerie
317 3013 411 3098 Vyei,
432 3013 484 3077 die
507 3014 584 3078 lune
602 3026 679 3098 post
694 3014 867 3099 Hokeday,
891 3036 977 3078 anno
1000 3014 1198 3099 precedenti,
1214 3014 1297 3078 sicut
1322 3013 1356 3077 in

205 3115 268 3179 hoo
282 3116 389 3180 rotulo
408 3127 617 3201 prenotatur3
640 3117 756 3202 dequo
768 3117 893 3201 judicio
908 3117 994 3181 dicta
1007 3117 1168 3201 Margeria
1179 3127 1356 3201 conquesta

205 3217 267 3279 fuit
281 3218 426 3281 Domino
442 3220 531 3303 Regi,
547 3229 580 3282 et
594 3219 762 3283 invenerat
772 3219 895 3303 plegios
911 3218 1172 3304 adprobandum
1188 3218 1268 3282 illud
1283 3240 1354 3284 esse

206 3317 334 3381 falsum.
360 3319 458 3383 Unde
470 3320 738 3384 convenientibus
750 3321 870 3385 ibidem
881 3321 1008 3384 Maiore
1023 3330 1057 3384 et
1067 3320 1203 3397 civibus,
1212 3320 1356 3404 perlecto

205 3420 260 3483 illo
283 3421 427 3498 recordo,
447 3432 481 3485 et
502 3422 660 3486 universis
685 3422 839 3487 brevibus
859 3422 994 3486 Domini
1022 3422 1130 3507 Regis,
1155 3422 1242 3507 quod
1271 3423 1357 3487 dicta

207 3523 383 3606 Margarita
407 3524 645 3608 impetraverat,
674 3525 766 3588 lectis
796 3536 830 3589 et
859 3524 988 3602 auditis,
1019 3524 1102 3588 dixit
1140 3524 1353 3603 Justitiarius,

206 3626 315 3708 “Ego
333 3647 399 3689 non
415 3626 487 3689 dico
499 3626 586 3709 quod
598 3626 756 3709 judicium
768 3627 870 3688 istum
889 3626 931 3689 sit
946 3625 1075 3705 falsum,
1091 3626 1148 3690 sed
1164 3625 1279 3689 debilis
1305 3634 1356 3690 est

206 3750 376 3813 processus
391 3728 489 3807 illius,
505 3751 578 3791 cum
590 3728 679 3791 nulla
693 3729 732 3792 fit
744 3728 866 3791 mentio
877 3728 910 3791 in
926 3727 1060 3792 recordo
1074 3727 1138 3792 isto
1154 3728 1194 3793 de
1210 3751 1355 3793 summo·

205 3831 329 3895 nitione
345 3831 599 3895 adversariorum
614 3832 698 3895 dicte
719 3831 890 3915 Margerie‚
913 3841 946 3894 et
972 3853 1046 3895 cum
1073 3830 1241 3895 Johannes
1261 3830 1357 3916 Vyel,

205 3935 255 3998 vir
268 3935 365 4013 illius,
380 3936 457 4000 fecit
472 3944 715 4013 testamentum,
730 3956 796 3998 non
813 3932 995 4018 pertinebat
1010 3933 1050 3997 ad
1064 3943 1207 3998 vestram
1222 3934 1356 3999 Curiam

207 4038 270 4102 tale
280 4038 434 4124 placitum
443 4038 647 4104 terminare.''
665 4037 762 4103 Cives
776 4038 1023 4123 responderunt,
1037 4037 1142 4102 “Non
1153 4038 1356 4105 fuitnecesse
