3540 4830
475 479 731 524 vicennam-oar
759 478 1044 524 nosoonrnaun.
1294 462 1332 535 71

189 650 310 692 moram
335 627 380 692 ibi
398 629 512 693 facturi
526 652 585 715 per
599 640 705 696 totum
721 629 902 715 predictum
916 651 1050 707 annum,
1065 628 1159 692 terris
1179 629 1337 715 ipsorum,

186 730 393 808 tenementis,
408 741 441 794 et
461 732 600 794 castellis
616 731 745 795 interim
761 730 1002 795 remanentibus
1014 731 1047 794 in
1064 752 1178 793 manus
1198 730 1336 795 Comitis

190 831 374 894 Leicestrie.
428 829 601 916 Completo
615 854 691 896 vero
705 832 850 916 predicto
865 854 962 910 anno,
976 833 1105 915 quando
1126 834 1262 918 predicti
1274 835 1338 898 Ba-

188 954 284 996 rones
315 932 433 997 reversi
458 934 577 998 fuerint
603 935 636 997 in
663 933 822 1017 Angliam‚
841 935 905 1019 ipsi
930 934 1063 999 stabunt
1087 936 1337 1001 considerationi

188 1035 314 1118 parium
342 1055 485 1111 suorum,
504 1047 537 1100 et
556 1035 711 1099 deberent
732 1057 803 1099 esse
826 1035 866 1099 ad
892 1058 980 1100 mare
1000 1038 1041 1101 ad
1064 1039 1337 1104 transfretandum

188 1149 248 1199 ω
259 1137 310 1200 die
321 1147 398 1221 post
413 1136 553 1200 Natbale
569 1135 725 1214 Domini3
749 1135 835 1218 quod
851 1158 917 1198 non
934 1137 1035 1210 stetit.

233 1238 306 1301 Hoc
321 1260 408 1302 anno
423 1237 456 1301 in
473 1237 608 1301 Octabis
624 1236 735 1299 Sancti
753 1236 1048 1303 Hillariivenerunt
1068 1240 1248 1305 londoniis
1274 1261 1332 1326 per

188 1341 476 1404 summonitionem
519 1339 653 1402 Domini
686 1338 783 1422 Regis
823 1359 937 1402 omnes
978 1341 1145 1427 Episcopi,
1180 1343 1338 1423 Abbates,

190 1443 327 1519 Priores,
339 1441 498 1520 Comites,
510 1442 655 1505 Berones
666 1441 767 1504 totius
779 1439 879 1523 regni,
889 1452 921 1503 et
937 1441 977 1505 de
994 1442 1146 1528 Quinque
1163 1444 1338 1525 Portubus,

188 1545 228 1607 dc
244 1545 389 1630 qualibet
405 1544 546 1608 Ciuitate
563 1555 596 1607 et
612 1544 723 1627 Burgo
746 1542 790 1625 iiij
817 1542 976 1620 homines,
992 1555 1029 1607 nt
1044 1557 1155 1611 essent
1168 1547 1209 1610 ad
1230 1548 1338 1611 Parla-

189 1658 356 1724 mcntum;
379 1646 411 1708 in
439 1668 504 1731 quo
522 1644 737 1722 Parlamento,
752 1643 804 1707 die
820 1643 931 1708 Sancti
946 1644 1121 1726 Valentini,
1138 1649 1338 1733 divulgatum

188 1747 251 1810 fuit
276 1747 310 1809 in
331 1746 484 1831 Capitulo
510 1747 596 1831 apud
621 1745 949 1810 westmonasterium
977 1749 1064 1832 quod
1088 1750 1251 1814 Dominus
1267 1752 1338 1816 Rex

188 1849 385 1933 obligaverat
410 1871 445 1912 se
470 1861 670 1912 sacramento
686 1849 823 1934 prestito
839 1871 898 1934 per
913 1859 1034 1914 cartam
1050 1873 1154 1931 suam,
1165 1853 1252 1938 quod
1266 1853 1338 1939 ipse

189 1974 249 2016 nec
284 1953 447 2016 Dominus
475 1952 665 2029 Edwardus,
689 1973 844 2036 processu
875 1952 1044 2036 temporis,
1070 1976 1137 2018 non
1166 1966 1337 2039 gravarent

188 2077 293 2139 neque
318 2055 441 2139 gravari
466 2065 675 2139 procurarent
696 2053 842 2117 Comites
869 2053 1043 2119 Leicestrie
1063 2056 1337 2136 velGlouvernie,

189 2179 249 2221 nec
263 2156 360 2222 Cives
373 2157 629 2234 Londoniarum,
640 2155 692 2221 vel
702 2156 840 2240 aliquem
855 2155 996 2233 illorum,
1007 2158 1062 2243 qui
1074 2158 1120 2223 eis
1129 2160 1337 2236 adhesenmt,

190 2264 357 2328 occasione
375 2264 510 2350 alicujus
526 2264 571 2327 rei
587 2263 669 2326 facte
685 2273 830 2347 tempore
851 2259 1102 2345 perturbationis
1117 2261 1206 2344 regni
1230 2272 1336 2345 prete·

189 2367 261 2444 rite,
277 2376 311 2430 et
330 2367 474 2451 precepit
498 2386 652 2450 expresse
677 2375 714 2427 ut
728 2373 814 2428 carte
828 2364 868 2426 de
883 2362 1087 2426 libertatibus
1102 2372 1136 2426 et
1150 2362 1190 2426 de
1205 2363 1335 2442 foresta,

190 2491 252 2553 que
268 2468 350 2531 facte
366 2469 496 2531 suerunt
519 2489 606 2531 anno
623 2466 712 2551 regni
728 2466 777 2529 sui
794 2487 893 2543 nono,
919 2465 1115 2529 inriobiliter
1139 2473 1336 2554 tenerentur,

190 2592 264 2633 cum
288 2571 401 2634 ceteris
426 2569 580 2647 articulis,
596 2591 658 2654 que
684 2579 806 2633 statuta
826 2569 968 2646 fuerunt,
991 2588 1103 2630 mense
1126 2566 1230 2645 Junii,
1250 2588 1337 2631 anno

190 2672 279 2757 regni
295 2672 346 2735 sui
361 2672 607 2756 quadragesimo
622 2682 749 2735 octavo.

236 2776 363 2852 Postea,
387 2774 535 2859 proximo
552 2774 603 2838 die
633 2784 708 2837 ante
732 2773 851 2837 festum
873 2771 984 2836 Sancti
1000 2771 1161 2857 Gregorii,
1176 2772 1339 2836 Dominus
1353 2794 1534 2843 betramum

192 2877 371 2941 Edwardus
398 2875 432 2940 et
457 2876 620 2939 Henricus
646 2876 687 2939 de
702 2876 905 2953 Alemannis,
920 2876 975 2960 qui
992 2875 1025 2937 in
1041 2874 1143 2958 prelio
1158 2874 1199 2939 de
1215 2875 1339 2939 Liawes
1353 2860 1454 2969 m:
1462 2860 1561 2970 ἔξω

190 2989 370 3064 posuerunt
396 3002 430 3044 se
461 2978 602 3057 obsides,
618 3000 787 3064 quousque
817 2998 880 3063 pax
909 2977 1138 3042 reformaretur
1163 2977 1197 3040 in
1212 2977 1560 3063 Anglia‚11enrrfrcaare·

189 3082 313 3145 liberati
344 3084 475 3146 fuerunt
504 3081 649 3144 Domino
679 3081 771 3165 Regi,
791 3080 882 3144 liberi
912 3090 946 3144 et
974 3080 1086 3165 quieti,
1112 3101 1221 3143 coram
1250 3080 1341 3145 omni
1352 3068 1461 3099 ''⁴¹²⁸'st

189 3185 311 3268 populo
340 3184 373 3246 in
401 3206 516 3267 magna
545 3183 617 3246 aula
642 3182 947 3251 westmonasteriiz
981 3191 1015 3245 et
1043 3191 1121 3244 tunc
1150 3180 1233 3246 lecte
1262 3191 1340 3245 sunt

190 3285 328 3370 quedam
351 3285 457 3349 littere
486 3283 674 3368 obligatorie
690 3283 826 3347 Domini
852 3283 949 3368 Regis
975 3294 1009 3348 et
1024 3280 1160 3346 Domini
1175 3282 1338 3362 Edwardi,

189 3389 222 3451 in
248 3386 364 3471 quibus
380 3387 566 3451 continetur
581 3386 719 3471 qualiter
733 3396 767 3449 et
790 3385 853 3448 sub
869 3406 933 3469 qua
947 3406 1031 3469 pena
1045 3383 1120 3468 ipsi,
1136 3395 1337 3448 sacramento

190 3489 336 3575 prestito,
351 3488 571 3573 promiserunt
596 3487 637 3551 ad
661 3486 926 3571 tranquillitatem
942 3497 976 3550 et
995 3506 1108 3570 pacem
1123 3485 1213 3568 regni
1228 3484 1338 3550 obser·

189 3591 321 3655 vandas.
366 3591 412 3654 Et
436 3601 516 3653 tunc
542 3611 660 3653 novem
676 3589 842 3673 Episcopi,
864 3586 1105 3672 pontificalibus
1131 3586 1248 3662 induti,
1262 3609 1338 3652 can·
1351 3636 1405 3683 lte·
1419 3638 1498 3684 'qm
1510 3654 1560 3686 ns-

190 3694 270 3758 delis
286 3693 439 3770 accensis,
450 3692 811 3756 excommunicaverunt
833 3709 946 3754 omnes
961 3689 1045 3767 illos,
1061 3689 1115 3773 qui
1131 3688 1251 3774 aliquid
1266 3712 1339 3774 pre·
1351 3702 1424 3775 (rada
1436 3703 1486 3748 (ω
1497 3703 1524 3749 in

191 3808 356 3861 sumerent
379 3805 491 3859 contra
520 3805 623 3858 cartas
653 3794 693 3857 de
723 3792 925 3857 libertatibus
951 3803 984 3856 et
1009 3792 1139 3870 foresta,
1154 3812 1213 3855 seu
1227 3767 1561 3893 contraffffiwffl

191 3910 313 3965 statuta
328 3920 389 3983 que
405 3897 533 3983 provisa
543 3898 674 3962 suerunt
684 3919 770 3960 anno
780 3895 975 3983 precedenti.
1350 3905 1430 3943 cutm
1443 3900 1528 3973 Canas

234 4003 280 4067 Et
295 4012 373 4067 tunc
387 4002 470 4067 lecte
485 4002 616 4066 fuerunt
630 4000 769 4086 quedam
784 3999 845 4065 alie
867 3998 958 4065 litere
974 3995 1110 4064 Domini
1125 3995 1288 4078 Edwardi,
1303 3995 1337 4062 in
1349 3978 1515 4078 mim
1532 4030 1562 4077 ά,
