3540 4830
485 502 738 547 VICBCOMITUM
768 502 1050 547 LONDONIARUM.
1264 493 1323 550 143

175 676 289 718 omnes
313 664 506 718 mercatores
532 665 703 719 extraneos
727 654 917 719 incivitate
943 655 1130 728 existentes.
1152 657 1208 741 qui
1234 678 1323 722 com-

174 758 421 820 municaverunt
435 778 510 820 cum
520 758 681 842 aliquibus
692 758 732 821 de
745 768 905 843 potestate
922 757 1098 823 comitisse
1111 759 1262 825 Flandrie
1270 762 1323 825 vel

174 860 344 924 vendendo
354 860 404 923 vel
416 860 553 924 emendo
568 861 620 924 vel
631 862 810 925 mutuando
821 861 872 924 vel
888 860 974 925 bona
986 882 1098 926 eorum
1109 863 1322 948 receptando;

168 972 208 1024 et
231 961 339 1039 etiam,
366 961 421 1045 qui
447 961 536 1024 lanas
556 962 721 1026 adduxere
737 973 828 1026 extra
844 962 994 1046 Angliam
1018 964 1058 1050 ad
1084 973 1193 1049 partes
1217 975 1323 1029 trans·

175 1064 315 1127 marinas
331 1075 444 1126 contra
459 1063 713 1147 prohibitionem
731 1065 865 1128 Domini
883 1066 992 1150 Regis.

218 1165 311 1228 'lunc
336 1165 492 1249 temporis
508 1165 617 1248 plures
643 1164 858 1229 Flandrenses
881 1165 1005 1231 inventi
1030 1167 1064 1230 in
1081 1166 1222 1232 Ciuitate
1238 1169 1324 1253 capti

174 1268 315 1345 fuerunt,
330 1277 363 1330 et
384 1267 418 1330 in
434 1267 581 1331 custodia
596 1267 693 1352 positi
708 1289 766 1352 per
780 1268 904 1352 aliquos
920 1269 1009 1348 dies3
1034 1270 1100 1355 qui,
1116 1280 1154 1334 ut
1168 1270 1324 1335 delibera·

174 1380 287 1433 rentur
301 1392 320 1433 a
335 1370 421 1434 dicta
436 1370 594 1448 custodia,
609 1369 840 1454 abjuraverunt
854 1392 989 1455 regnum
1005 1373 1122 1457 Anglie
1138 1395 1204 1437 non
1220 1395 1325 1438 rever-

176 1474 252 1551 suri,
268 1473 422 1557 quamdiu
437 1473 583 1558 predicta
598 1473 766 1537 contentio
783 1473 912 1537 duraret
926 1474 1010 1538 inter
1027 1475 1148 1560 Regem
1163 1477 1280 1561 Anglie
1291 1487 1325 1541 et

171 1574 382 1638 Comitissam
399 1575 557 1638 Flandrie.

217 1677 291 1740 Hoc
315 1699 400 1740 anno
426 1677 460 1739 in
484 1677 666 1761 septimana
691 1687 766 1742 ante
793 1677 1091 1741 Annunciationem
1117 1678 1324 1743 Dominicam

172 1779 317 1841 delatum
350 1790 401 1842 est
425 1778 606 1843 Londoniis
631 1780 842 1843 subnotatum
869 1780 1100 1864 transcriptum
1134 1779 1325 1858 litterarum,

173 1902 255 1964 quas
283 1881 353 1943 Rex
378 1881 595 1960 Tartarorum,
634 1882 765 1946 nomine
803 1881 937 1966 Albsga,
971 1881 1151 1945 transmisit
1182 1883 1325 1946 Domirm

174 1983 347 2060 Eduardo,
369 1992 448 2047 tunc
471 1984 622 2047 existenti
645 1983 730 2068 apud
745 1985 848 2060 Acon,
874 2006 948 2048 cum
964 1983 1130 2068 sexaginta
1145 1984 1233 2047 milia
1246 1985 1325 2048 Tar-

174 2095 316 2148 tarorum
332 2094 366 2148 et
381 2085 650 2162 Christianorum,
665 2095 702 2147 ut
717 2085 843 2149 dicitur.

221 2187 283 2250 Per
309 2187 462 2250 virtutem
493 2185 556 2249 Dei
579 2187 645 2249 vivi
671 2195 705 2250 et
735 2208 793 2271 per
818 2186 1008 2272 potentiam,
1037 2188 1161 2266 Theon,
1191 2187 1326 2273 Albaga,

176 2288 321 2351 Domino
338 2287 497 2351 Edwardo
513 2287 575 2350 Dei
595 2288 697 2371 gratia
717 2287 934 2351 illustrissimo
959 2288 1056 2372 Regis
1075 2289 1191 2373 Anglie
1205 2289 1326 2374 prirno-

176 2391 296 2473 genito.
341 2390 450 2454 Verba
464 2400 584 2468 vestra,
608 2411 666 2474 per
680 2391 823 2453 virorum
839 2390 1049 2474 providorum
1065 2400 1099 2455 et
1113 2391 1326 2454 discretorum

178 2493 367 2555 nuntiorum
384 2503 582 2570 nostrorum,
594 2493 726 2556 fratrem
743 2493 957 2576 Reginaldum
973 2492 1100 2570 Rossel,
1112 2492 1326 2556 Gadeiridum

178 2595 232 2674 lde
245 2595 359 2671 Waus,
374 2594 395 2659 J
399 2593 561 2658 ohannem
577 2595 606 2658 le
624 2594 754 2672 Parker,
764 2593 940 2679 propositis
955 2615 995 2657 ex
1011 2605 1102 2678 parte
1116 2606 1235 2672 vestra,
1255 2593 1327 2657 dili·
1332 2621 1370 2680 χο,
1383 2621 1430 2668 129
1442 2627 1474 2671 φ,

175 2709 290 2781 genter
303 2697 531 2760 intelleximus.
588 2697 693 2781 Super
712 2696 798 2760 bona
812 2705 920 2760 vestra
933 2694 1101 2760 voluntate
1116 2717 1213 2780 quam
1228 2693 1327 2780 pluri·

174 2822 268 2863 anum
298 2798 419 2862 fuimus
442 2798 555 2883 gavisi.
614 2798 736 2861 Verum
763 2798 861 2882 quod,
885 2820 971 2862 anno
987 2798 1153 2883 preterito,
1181 2798 1327 2863 infideles

176 2902 321 2983 Sara3eni
344 2901 528 2965 Christiane
543 2900 618 2964 fidei
638 2923 705 2965 non
722 2901 885 2965 modicum
911 2901 1112 2986 injuriantes,
1134 2901 1328 2965 Christianis

179 3028 275 3089 quam
302 3004 451 3089 pluribus
476 3003 616 3089 dampna
641 3026 738 3089 quam
765 3003 903 3088 plurima
934 3005 1125 3081 intulerunt,
1154 3025 1330 3088 eonnnque

179 3118 290 3185 terras,
306 3107 529 3190 possessiones
544 3106 710 3170 devastare
726 3107 858 3169 minime
870 3107 1074 3184 verebantur,
1089 3107 1210 3191 placuit
1223 3104 1330 3177 nobis,

178 3220 216 3271 ut
241 3208 362 3270 inimici
389 3208 492 3271 nostri
518 3209 638 3292 pariter
652 3218 686 3271 et
700 3208 811 3285 vestri,
834 3207 868 3270 in
884 3207 991 3271 medio
1007 3207 1208 3284 circumdati,
1234 3205 1330 3271 nobis

179 3310 347 3392 utriusque
371 3307 507 3371 adversa
533 3309 722 3392 cogitantes,
748 3305 943 3371 exercitibus
969 3306 1107 3371 fortibus
1133 3327 1174 3370 ex
1194 3317 1330 3390 utruque

178 3420 280 3494 parte,
296 3408 359 3471 Dei
375 3408 439 3471 vivi
454 3409 584 3484 virtute,
605 3431 756 3494 suprema
776 3408 913 3485 confusi,
928 3409 1140 3494 extirpantur.
1187 3408 1330 3493 Ideoque

180 3509 331 3587 consulti,
358 3532 397 3572 ex
424 3520 515 3593 parte
541 3520 653 3573 nostra
679 3510 840 3575 Cemalrar
864 3511 1023 3575 exercitus
1049 3511 1229 3596 capitaneo,
1255 3533 1329 3575 curn

179 3613 372 3680 exercitibus
392 3613 518 3689 validis,
538 3613 630 3677 vobis
645 3613 863 3677 transmittere
878 3613 1077 3686 curavimus3
1101 3613 1199 3690 unde,
1214 3636 1273 3677 vos
1289 3613 1329 3677 de

179 3731 297 3793 cetera,
313 3740 377 3780 una
392 3739 465 3779 cunr
482 3716 568 3779 dicto
586 3715 744 3780 Cemakar
755 3715 891 3780 discrete
907 3716 1124 3794 consulentes,
1140 3727 1205 3779 tam
1222 3718 1262 3780 de
1278 3716 1329 3779 die

181 3821 334 3907 quamde
358 3842 469 3883 mense
494 3841 568 3882 cum
588 3818 726 3882 inimicis
751 3819 908 3902 preliandi
928 3829 1021 3882 caute
1037 3819 1185 3884 ordinare
1200 3820 1329 3884 curetis.

182 3927 305 3989 Datum
322 3925 454 4008 Maroga
466 3932 581 4006 quarto
597 3922 648 3986 die
664 3922 785 3987 mensis
798 3921 1010 4007 Septembris.
