<?xml version="1.0" encoding="UTF-8"?>
<!DOCTYPE html PUBLIC "-//W3C//DTD XHTML 1.0 Transitional//EN"
    "http://www.w3.org/TR/xhtml1/DTD/xhtml1-transitional.dtd">
<html xmlns="http://www.w3.org/1999/xhtml" xml:lang="en" lang="en">
 <head>
  <title>
</title>
<meta http-equiv="Content-Type" content="text/html;charset=utf-8" />
  <meta name='ocr-system' content='tesseract 3.04.00' />
  <meta name='ocr-capabilities' content='ocr_page ocr_carea ocr_par ocr_line ocrx_word'/>
</head>
<body>
  <div class='ocr_page' id='page_1' title='image "./deantiquislegib01fitzgoog_0070.png"; bbox 0 0 3540 4830; ppageno 0'>
   <div class='ocr_carea' id='block_1_1' title="bbox 744 471 1437 544">
    <p class='ocr_par' dir='ltr' id='par_1_1' title="bbox 744 471 1437 544">
     <span class='ocr_line' id='line_1_1' title="bbox 744 471 1437 544; baseline 0.009 -7"><span class='ocrx_word' id='word_1_1' title='bbox 744 486 923 539; x_wconf 71' lang='lat' dir='ltr'><strong>enerues.</strong></span> <span class='ocrx_word' id='word_1_2' title='bbox 1380 471 1437 544; x_wconf 79' lang='lat' dir='ltr'><strong>lxv</strong></span> 
     </span>
    </p>
   </div>
   <div class='ocr_carea' id='block_1_2' title="bbox 233 637 1435 1488">
    <p class='ocr_par' dir='ltr' id='par_1_2' title="bbox 233 637 1435 1488">
     <span class='ocr_line' id='line_1_2' title="bbox 234 637 1434 726; baseline 0.013 -30"><span class='ocrx_word' id='word_1_3' title='bbox 234 655 286 697; x_wconf 84' lang='lat' dir='ltr'><strong>nos</strong></span> <span class='ocrx_word' id='word_1_4' title='bbox 308 637 383 698; x_wconf 80' lang='lat' dir='ltr'><strong>heire</strong></span> <span class='ocrx_word' id='word_1_5' title='bbox 401 651 527 708; x_wconf 85' lang='lat' dir='ltr'><strong>encorhe,</strong></span> <span class='ocrx_word' id='word_1_6' title='bbox 549 653 691 703; x_wconf 85' lang='lat' dir='ltr'><strong>cnsemcnt</strong></span> <span class='ocrx_word' id='word_1_7' title='bbox 710 645 745 704; x_wconf 94' lang='lat' dir='ltr'><strong>od</strong></span> <span class='ocrx_word' id='word_1_8' title='bbox 766 646 807 704; x_wconf 88' lang='lat' dir='ltr'><strong>ies</strong></span> <span class='ocrx_word' id='word_1_9' title='bbox 820 645 880 704; x_wconf 84' lang='lat' dir='ltr'><strong>ieez</strong></span> <span class='ocrx_word' id='word_1_10' title='bbox 895 665 911 704; x_wconf 88' lang='lat' dir='ltr'><strong>e</strong></span> <span class='ocrx_word' id='word_1_11' title='bbox 924 646 961 706; x_wconf 89' lang='lat' dir='ltr'><strong>od</strong></span> <span class='ocrx_word' id='word_1_12' title='bbox 975 645 1002 706; x_wconf 84' lang='lat' dir='ltr'><strong>ln</strong></span> <span class='ocrx_word' id='word_1_13' title='bbox 1016 645 1133 717; x_wconf 82' lang='lat' dir='ltr'><strong>doncro,</strong></span> <span class='ocrx_word' id='word_1_14' title='bbox 1147 655 1235 726; x_wconf 80' lang='lat' dir='ltr'><strong>quant</strong></span> <span class='ocrx_word' id='word_1_15' title='bbox 1249 651 1268 708; x_wconf 91' lang='lat' dir='ltr'><strong>ii</strong></span> <span class='ocrx_word' id='word_1_16' title='bbox 1282 645 1434 711; x_wconf 80' lang='lat' dir='ltr'><strong>eecherrnt.</strong></span> 
     </span>
     <span class='ocr_line' id='line_1_3' title="bbox 239 735 1435 808; baseline 0.012 -15"><span class='ocrx_word' id='word_1_17' title='bbox 239 735 264 793; x_wconf 89' lang='lat' dir='ltr'>E</span> <span class='ocrx_word' id='word_1_18' title='bbox 279 743 351 794; x_wconf 83' lang='lat' dir='ltr'><strong>totes</strong></span> <span class='ocrx_word' id='word_1_19' title='bbox 365 738 436 796; x_wconf 78' lang='lat' dir='ltr'><strong>ceice</strong></span> <span class='ocrx_word' id='word_1_20' title='bbox 450 747 539 796; x_wconf 88' lang='lat' dir='ltr'><strong>terres</strong></span> <span class='ocrx_word' id='word_1_21' title='bbox 553 760 569 796; x_wconf 91' lang='lat' dir='ltr'><strong>e</strong></span> <span class='ocrx_word' id='word_1_22' title='bbox 582 749 724 800; x_wconf 84' lang='lat' dir='ltr'><strong>tenemens</strong></span> <span class='ocrx_word' id='word_1_23' title='bbox 738 762 828 801; x_wconf 85' lang='lat' dir='ltr'><strong>eomes</strong></span> <span class='ocrx_word' id='word_1_24' title='bbox 843 752 924 803; x_wconf 85' lang='lat' dir='ltr'><strong>tenus</strong></span> <span class='ocrx_word' id='word_1_25' title='bbox 937 764 954 802; x_wconf 83' lang='lat' dir='ltr'><strong>n</strong></span> <span class='ocrx_word' id='word_1_26' title='bbox 968 745 1068 803; x_wconf 83' lang='lat' dir='ltr'><strong>rendre</strong></span> <span class='ocrx_word' id='word_1_27' title='bbox 1082 768 1099 804; x_wconf 82' lang='lat' dir='ltr'>a</span> <span class='ocrx_word' id='word_1_28' title='bbox 1112 747 1259 805; x_wconf 82' lang='lat' dir='ltr'><strong>l’eventdit</strong></span> <span class='ocrx_word' id='word_1_29' title='bbox 1274 749 1383 807; x_wconf 84' lang='lat' dir='ltr'><strong>Robert</strong></span> <span class='ocrx_word' id='word_1_30' title='bbox 1397 769 1435 808; x_wconf 91' lang='lat' dir='ltr'><strong>ou</strong></span> 
     </span>
     <span class='ocr_line' id='line_1_4' title="bbox 236 833 1435 916; baseline 0.012 -26"><span class='ocrx_word' id='word_1_31' title='bbox 236 852 253 890; x_wconf 87' lang='lat' dir='ltr'><strong>e</strong></span> <span class='ocrx_word' id='word_1_32' title='bbox 268 852 312 891; x_wconf 86' lang='lat' dir='ltr'><strong>ses</strong></span> <span class='ocrx_word' id='word_1_33' title='bbox 325 833 400 893; x_wconf 84' lang='lat' dir='ltr'><strong>heire</strong></span> <span class='ocrx_word' id='word_1_34' title='bbox 414 844 593 905; x_wconf 85' lang='lat' dir='ltr'><strong>enterement,</strong></span> <span class='ocrx_word' id='word_1_35' title='bbox 618 839 640 895; x_wconf 85' lang='lat' dir='ltr'><strong>ei</strong></span> <span class='ocrx_word' id='word_1_36' title='bbox 655 858 718 897; x_wconf 87' lang='lat' dir='ltr'><strong>curn</strong></span> <span class='ocrx_word' id='word_1_37' title='bbox 732 859 784 899; x_wconf 85' lang='lat' dir='ltr'><strong>nus</strong></span> <span class='ocrx_word' id='word_1_38' title='bbox 798 840 818 898; x_wconf 88' lang='lat' dir='ltr'><strong>ii</strong></span> <span class='ocrx_word' id='word_1_39' title='bbox 833 843 930 899; x_wconf 85' lang='lat' dir='ltr'><strong>nrions</strong></span> <span class='ocrx_word' id='word_1_40' title='bbox 944 851 1031 900; x_wconf 83' lang='lat' dir='ltr'><strong>avent</strong></span> <span class='ocrx_word' id='word_1_41' title='bbox 1044 844 1126 909; x_wconf 87' lang='lat' dir='ltr'><strong>done,</strong></span> <span class='ocrx_word' id='word_1_42' title='bbox 1147 863 1213 901; x_wconf 77' lang='lat' dir='ltr'><strong>eene</strong></span> <span class='ocrx_word' id='word_1_43' title='bbox 1227 845 1276 902; x_wconf 89' lang='lat' dir='ltr'><strong>nul</strong></span> <span class='ocrx_word' id='word_1_44' title='bbox 1287 848 1435 916; x_wconf 70' lang='lat' dir='ltr'><strong>comedit,</strong></span> 
     </span>
     <span class='ocr_line' id='line_1_5' title="bbox 236 936 1435 1019; baseline 0.011 -30"><span class='ocrx_word' id='word_1_45' title='bbox 236 951 252 988; x_wconf 86' lang='lat' dir='ltr'><strong>e</strong></span> <span class='ocrx_word' id='word_1_46' title='bbox 265 950 300 1008; x_wconf 89' lang='lat' dir='ltr'><strong>qe</strong></span> <span class='ocrx_word' id='word_1_47' title='bbox 313 939 373 991; x_wconf 87' lang='lat' dir='ltr'><strong>tute</strong></span> <span class='ocrx_word' id='word_1_48' title='bbox 387 944 482 993; x_wconf 89' lang='lat' dir='ltr'><strong>nostre</strong></span> <span class='ocrx_word' id='word_1_49' title='bbox 496 954 580 1012; x_wconf 86' lang='lat' dir='ltr'><strong>grece</strong></span> <span class='ocrx_word' id='word_1_50' title='bbox 595 936 737 996; x_wconf 81' lang='lat' dir='ltr'><strong>evanidite</strong></span> <span class='ocrx_word' id='word_1_51' title='bbox 752 940 803 996; x_wconf 84' lang='lat' dir='ltr'><strong>seit</strong></span> <span class='ocrx_word' id='word_1_52' title='bbox 817 959 870 1017; x_wconf 91' lang='lat' dir='ltr'><strong>pur</strong></span> <span class='ocrx_word' id='word_1_53' title='bbox 883 941 948 999; x_wconf 89' lang='lat' dir='ltr'><strong>nule</strong></span> <span class='ocrx_word' id='word_1_54' title='bbox 961 960 977 999; x_wconf 92' lang='lat' dir='ltr'><strong>e</strong></span> <span class='ocrx_word' id='word_1_55' title='bbox 992 940 1026 998; x_wconf 91' lang='lat' dir='ltr'><strong>de</strong></span> <span class='ocrx_word' id='word_1_56' title='bbox 1036 949 1080 999; x_wconf 84' lang='lat' dir='ltr'><strong>tut</strong></span> <span class='ocrx_word' id='word_1_57' title='bbox 1094 942 1193 1019; x_wconf 89' lang='lat' dir='ltr'><strong>repele.</strong></span> <span class='ocrx_word' id='word_1_58' title='bbox 1225 942 1371 1001; x_wconf 87' lang='lat' dir='ltr'><strong>Derechef</strong></span> <span class='ocrx_word' id='word_1_59' title='bbox 1379 964 1397 1003; x_wconf 88' lang='lat' dir='ltr'><strong>o</strong></span> <span class='ocrx_word' id='word_1_60' title='bbox 1407 944 1435 1002; x_wconf 88' lang='lat' dir='ltr'><strong>le</strong></span> 
     </span>
     <span class='ocr_line' id='line_1_6' title="bbox 236 1030 1434 1117; baseline 0.009 -30"><span class='ocrx_word' id='word_1_61' title='bbox 236 1037 363 1105; x_wconf 80' lang='lat' dir='ltr'><strong>requeete</strong></span> <span class='ocrx_word' id='word_1_62' title='bbox 377 1030 434 1090; x_wconf 86' lang='lat' dir='ltr'><strong>cete</strong></span> <span class='ocrx_word' id='word_1_63' title='bbox 450 1033 535 1110; x_wconf 87' lang='lat' dir='ltr'><strong>Hugc</strong></span> <span class='ocrx_word' id='word_1_64' title='bbox 554 1052 698 1092; x_wconf 85' lang='lat' dir='ltr'><strong>recevums</strong></span> <span class='ocrx_word' id='word_1_65' title='bbox 712 1055 729 1091; x_wconf 86' lang='lat' dir='ltr'><strong>e</strong></span> <span class='ocrx_word' id='word_1_66' title='bbox 743 1045 837 1093; x_wconf 87' lang='lat' dir='ltr'><strong>nostre</strong></span> <span class='ocrx_word' id='word_1_67' title='bbox 851 1055 914 1113; x_wconf 83' lang='lat' dir='ltr'><strong>peee</strong></span> <span class='ocrx_word' id='word_1_68' title='bbox 928 1036 1023 1095; x_wconf 85' lang='lat' dir='ltr'><strong>Jobnn</strong></span> <span class='ocrx_word' id='word_1_69' title='bbox 1038 1037 1072 1094; x_wconf 90' lang='lat' dir='ltr'><strong>de</strong></span> <span class='ocrx_word' id='word_1_70' title='bbox 1087 1036 1206 1106; x_wconf 71' lang='lat' dir='ltr'><strong>Nerine,</strong></span> <span class='ocrx_word' id='word_1_71' title='bbox 1229 1058 1281 1097; x_wconf 87' lang='lat' dir='ltr'><strong>sun</strong></span> <span class='ocrx_word' id='word_1_72' title='bbox 1300 1040 1384 1108; x_wconf 82' lang='lat' dir='ltr'><strong>frere,</strong></span> <span class='ocrx_word' id='word_1_73' title='bbox 1399 1061 1434 1117; x_wconf 90' lang='lat' dir='ltr'><strong>qe</strong></span> 
     </span>
     <span class='ocr_line' id='line_1_7' title="bbox 234 1127 1433 1211; baseline 0.011 -28"><span class='ocrx_word' id='word_1_74' title='bbox 234 1145 264 1183; x_wconf 87' lang='lat' dir='ltr'><strong>se</strong></span> <span class='ocrx_word' id='word_1_75' title='bbox 277 1127 322 1185; x_wconf 82' lang='lat' dir='ltr'><strong>tm</strong></span> <span class='ocrx_word' id='word_1_76' title='bbox 335 1128 415 1186; x_wconf 84' lang='lat' dir='ltr'><strong>ahere</strong></span> <span class='ocrx_word' id='word_1_77' title='bbox 430 1148 446 1187; x_wconf 84' lang='lat' dir='ltr'>a</span> <span class='ocrx_word' id='word_1_78' title='bbox 460 1128 606 1188; x_wconf 80' lang='lat' dir='ltr'><strong>l&#39;evmutdit</strong></span> <span class='ocrx_word' id='word_1_79' title='bbox 618 1131 711 1190; x_wconf 84' lang='lat' dir='ltr'><strong>Cunte</strong></span> <span class='ocrx_word' id='word_1_80' title='bbox 724 1150 758 1189; x_wconf 91' lang='lat' dir='ltr'><strong>cn</strong></span> <span class='ocrx_word' id='word_1_81' title='bbox 773 1132 800 1189; x_wconf 89' lang='lat' dir='ltr'><strong>in</strong></span> <span class='ocrx_word' id='word_1_82' title='bbox 813 1152 912 1209; x_wconf 79' lang='lat' dir='ltr'>guerre</span> <span class='ocrx_word' id='word_1_83' title='bbox 925 1134 1075 1202; x_wconf 75' lang='lat' dir='ltr'><strong>rescindite,</strong></span> <span class='ocrx_word' id='word_1_84' title='bbox 1091 1153 1106 1191; x_wconf 89' lang='lat' dir='ltr'><strong>e</strong></span> <span class='ocrx_word' id='word_1_85' title='bbox 1120 1134 1140 1191; x_wconf 90' lang='lat' dir='ltr'><strong>ii</strong></span> <span class='ocrx_word' id='word_1_86' title='bbox 1155 1136 1322 1211; x_wconf 85' lang='lat' dir='ltr'><strong>perdonoms</strong></span> <span class='ocrx_word' id='word_1_87' title='bbox 1337 1146 1433 1196; x_wconf 85' lang='lat' dir='ltr'><strong>nostre</strong></span> 
     </span>
     <span class='ocr_line' id='line_1_8' title="bbox 235 1226 1434 1307; baseline 0.008 -26"><span class='ocrx_word' id='word_1_88' title='bbox 235 1235 366 1282; x_wconf 85' lang='lat' dir='ltr'><strong>roncure</strong></span> <span class='ocrx_word' id='word_1_89' title='bbox 385 1234 479 1284; x_wconf 81' lang='lat' dir='ltr'><strong>nostre</strong></span> <span class='ocrx_word' id='word_1_90' title='bbox 492 1226 675 1303; x_wconf 77' lang='lat' dir='ltr'><strong>indignation.</strong></span> <span class='ocrx_word' id='word_1_91' title='bbox 718 1228 743 1285; x_wconf 85' lang='lat' dir='ltr'>E</span> <span class='ocrx_word' id='word_1_92' title='bbox 762 1238 905 1306; x_wconf 86' lang='lat' dir='ltr'><strong>grentoms</strong></span> <span class='ocrx_word' id='word_1_93' title='bbox 924 1249 941 1287; x_wconf 84' lang='lat' dir='ltr'><strong>n</strong></span> <span class='ocrx_word' id='word_1_94' title='bbox 959 1230 1105 1288; x_wconf 85' lang='lat' dir='ltr'><strong>l&#39;nvnntdit</strong></span> <span class='ocrx_word' id='word_1_95' title='bbox 1130 1230 1216 1307; x_wconf 85' lang='lat' dir='ltr'><strong>Huge</strong></span> <span class='ocrx_word' id='word_1_96' title='bbox 1238 1230 1264 1289; x_wconf 85' lang='lat' dir='ltr'><strong>te</strong></span> <span class='ocrx_word' id='word_1_97' title='bbox 1289 1252 1385 1291; x_wconf 82' lang='lat' dir='ltr'><strong>maner</strong></span> <span class='ocrx_word' id='word_1_98' title='bbox 1399 1233 1434 1291; x_wconf 89' lang='lat' dir='ltr'><strong>de</strong></span> 
     </span>
     <span class='ocr_line' id='line_1_9' title="bbox 236 1319 1432 1406; baseline 0.009 -29"><span class='ocrx_word' id='word_1_99' title='bbox 236 1319 388 1380; x_wconf 71' lang='lat' dir='ltr'><strong>Arnheie*</strong></span> <span class='ocrx_word' id='word_1_100' title='bbox 403 1319 439 1380; x_wconf 89' lang='lat' dir='ltr'><strong>od</strong></span> <span class='ocrx_word' id='word_1_101' title='bbox 453 1342 497 1381; x_wconf 87' lang='lat' dir='ltr'><strong>ees</strong></span> <span class='ocrx_word' id='word_1_102' title='bbox 511 1333 717 1401; x_wconf 81' lang='lat' dir='ltr'><strong>aportenenees,</strong></span> <span class='ocrx_word' id='word_1_103' title='bbox 731 1326 822 1403; x_wconf 88' lang='lat' dir='ltr'><strong>lequel</strong></span> <span class='ocrx_word' id='word_1_104' title='bbox 843 1327 1007 1385; x_wconf 80' lang='lat' dir='ltr'><strong>l&#39;nreuntdit</strong></span> <span class='ocrx_word' id='word_1_105' title='bbox 1028 1326 1124 1386; x_wconf 90' lang='lat' dir='ltr'><strong>Johnn</strong></span> <span class='ocrx_word' id='word_1_106' title='bbox 1138 1329 1212 1385; x_wconf 87' lang='lat' dir='ltr'><strong>nveit</strong></span> <span class='ocrx_word' id='word_1_107' title='bbox 1225 1327 1263 1385; x_wconf 91' lang='lat' dir='ltr'><strong>du</strong></span> <span class='ocrx_word' id='word_1_108' title='bbox 1274 1328 1328 1386; x_wconf 93' lang='lat' dir='ltr'><strong>don</strong></span> <span class='ocrx_word' id='word_1_109' title='bbox 1346 1330 1432 1406; x_wconf 88' lang='lat' dir='ltr'><strong>Huge</strong></span> 
     </span>
     <span class='ocr_line' id='line_1_10' title="bbox 233 1420 1433 1488; baseline 0.007 -10"><span class='ocrx_word' id='word_1_110' title='bbox 233 1435 284 1478; x_wconf 80' lang='lat' dir='ltr'><strong>sun</strong></span> <span class='ocrx_word' id='word_1_111' title='bbox 299 1420 380 1488; x_wconf 75' lang='lat' dir='ltr'><strong>itere,</strong></span> <span class='ocrx_word' id='word_1_112' title='bbox 395 1439 490 1480; x_wconf 80' lang='lat' dir='ltr'><strong>never</strong></span> <span class='ocrx_word' id='word_1_113' title='bbox 504 1443 519 1480; x_wconf 88' lang='lat' dir='ltr'><strong>e</strong></span> <span class='ocrx_word' id='word_1_114' title='bbox 534 1424 606 1482; x_wconf 85' lang='lat' dir='ltr'><strong>tenir</strong></span> <span class='ocrx_word' id='word_1_115' title='bbox 619 1422 654 1482; x_wconf 89' lang='lat' dir='ltr'><strong>de</strong></span> <span class='ocrx_word' id='word_1_116' title='bbox 674 1442 727 1482; x_wconf 86' lang='lat' dir='ltr'><strong>nue</strong></span> <span class='ocrx_word' id='word_1_117' title='bbox 745 1444 761 1483; x_wconf 90' lang='lat' dir='ltr'><strong>e</strong></span> <span class='ocrx_word' id='word_1_118' title='bbox 782 1424 816 1484; x_wconf 89' lang='lat' dir='ltr'><strong>de</strong></span> <span class='ocrx_word' id='word_1_119' title='bbox 830 1444 881 1483; x_wconf 88' lang='lat' dir='ltr'><strong>noe</strong></span> <span class='ocrx_word' id='word_1_120' title='bbox 896 1424 970 1483; x_wconf 89' lang='lat' dir='ltr'><strong>heire</strong></span> <span class='ocrx_word' id='word_1_121' title='bbox 985 1445 1001 1484; x_wconf 82' lang='lat' dir='ltr'><strong>e</strong></span> <span class='ocrx_word' id='word_1_122' title='bbox 1015 1424 1036 1484; x_wconf 94' lang='lat' dir='ltr'><strong>li</strong></span> <span class='ocrx_word' id='word_1_123' title='bbox 1050 1445 1065 1484; x_wconf 90' lang='lat' dir='ltr'><strong>e</strong></span> <span class='ocrx_word' id='word_1_124' title='bbox 1079 1444 1096 1484; x_wconf 84' lang='lat' dir='ltr'><strong>o</strong></span> <span class='ocrx_word' id='word_1_125' title='bbox 1111 1445 1154 1484; x_wconf 86' lang='lat' dir='ltr'><strong>eee</strong></span> <span class='ocrx_word' id='word_1_126' title='bbox 1168 1425 1242 1485; x_wconf 85' lang='lat' dir='ltr'><strong>heire</strong></span> <span class='ocrx_word' id='word_1_127' title='bbox 1257 1428 1293 1485; x_wconf 93' lang='lat' dir='ltr'><strong>od</strong></span> <span class='ocrx_word' id='word_1_128' title='bbox 1308 1435 1378 1486; x_wconf 76' lang='lat' dir='ltr'><strong>botes</strong></span> <span class='ocrx_word' id='word_1_129' title='bbox 1392 1427 1433 1486; x_wconf 86' lang='lat' dir='ltr'><strong>les</strong></span> 
     </span>
    </p>
   </div>
   <div class='ocr_carea' id='block_1_3' title="bbox 225 1619 1433 4044">
    <p class='ocr_par' dir='ltr' id='par_1_3' title="bbox 225 1619 1433 4044">
     <span class='ocr_line' id='line_1_11' title="bbox 265 1619 1429 1688; baseline 0.008 -19"><span class='ocrx_word' id='word_1_130' title='bbox 265 1623 279 1648; x_wconf 64' lang='lat'><strong>⁴</strong></span> <span class='ocrx_word' id='word_1_131' title='bbox 296 1619 410 1681; x_wconf 70' lang='lat' dir='ltr'><strong>umbre,</strong></span> <span class='ocrx_word' id='word_1_132' title='bbox 423 1624 514 1683; x_wconf 73' lang='lat' dir='ltr'><strong>Arndt,</strong></span> <span class='ocrx_word' id='word_1_133' title='bbox 532 1625 655 1672; x_wconf 75' lang='lat' dir='ltr'><strong>otherwise</strong></span> <span class='ocrx_word' id='word_1_134' title='bbox 668 1625 768 1684; x_wconf 79' lang='lat' dir='ltr'><strong>Arnoid,</strong></span> <span class='ocrx_word' id='word_1_135' title='bbox 787 1628 807 1673; x_wconf 88' lang='lat' dir='ltr'><strong>is</strong></span> <span class='ocrx_word' id='word_1_136' title='bbox 824 1641 837 1672; x_wconf 81' lang='lat' dir='ltr'><strong>a</strong></span> <span class='ocrx_word' id='word_1_137' title='bbox 852 1627 931 1688; x_wconf 78' lang='lat' dir='ltr'><strong>perish</strong></span> <span class='ocrx_word' id='word_1_138' title='bbox 951 1628 976 1672; x_wconf 92' lang='lat' dir='ltr'><strong>in</strong></span> <span class='ocrx_word' id='word_1_139' title='bbox 996 1624 1037 1672; x_wconf 85' lang='lat' dir='ltr'><strong>tho</strong></span> <span class='ocrx_word' id='word_1_140' title='bbox 1056 1625 1168 1673; x_wconf 81' lang='lat' dir='ltr'><strong>hundred</strong></span> <span class='ocrx_word' id='word_1_141' title='bbox 1183 1627 1209 1672; x_wconf 85' lang='lat' dir='ltr'><strong>oi</strong></span> <span class='ocrx_word' id='word_1_142' title='bbox 1228 1627 1348 1685; x_wconf 84' lang='lat' dir='ltr'><strong>Broxtow,</strong></span> <span class='ocrx_word' id='word_1_143' title='bbox 1366 1643 1429 1678; x_wconf 80' lang='lat' dir='ltr'><strong>conr.</strong></span> 
     </span>
     <span class='ocr_line' id='line_1_12' title="bbox 233 1701 1433 1768; baseline 0.007 -19"><span class='ocrx_word' id='word_1_144' title='bbox 233 1701 397 1764; x_wconf 66' lang='lat' dir='ltr'><strong>nottingham,</strong></span> <span class='ocrx_word' id='word_1_145' title='bbox 416 1706 464 1752; x_wconf 77' lang='lat' dir='ltr'><strong>end</strong></span> <span class='ocrx_word' id='word_1_146' title='bbox 484 1707 514 1766; x_wconf 77' lang='lat' dir='ltr'><strong>by</strong></span> <span class='ocrx_word' id='word_1_147' title='bbox 531 1707 633 1763; x_wconf 74' lang='lat' dir='ltr'><strong>obanter,</strong></span> <span class='ocrx_word' id='word_1_148' title='bbox 651 1706 723 1754; x_wconf 75' lang='lat' dir='ltr'><strong>deted</strong></span> <span class='ocrx_word' id='word_1_149' title='bbox 741 1716 766 1754; x_wconf 79' lang='lat' dir='ltr'><strong>ut</strong></span> <span class='ocrx_word' id='word_1_150' title='bbox 786 1707 944 1765; x_wconf 82' lang='lat' dir='ltr'><strong>Wincheeter,</strong></span> <span class='ocrx_word' id='word_1_151' title='bbox 967 1707 1058 1766; x_wconf 74' lang='lat' dir='ltr'><strong>titey,</strong></span> <span class='ocrx_word' id='word_1_152' title='bbox 1079 1705 1151 1765; x_wconf 68' lang='lat'><strong>1204,</strong></span> <span class='ocrx_word' id='word_1_153' title='bbox 1168 1707 1234 1768; x_wconf 83' lang='lat' dir='ltr'><strong>King</strong></span> <span class='ocrx_word' id='word_1_154' title='bbox 1250 1709 1316 1754; x_wconf 81' lang='lat' dir='ltr'><strong>John</strong></span> <span class='ocrx_word' id='word_1_155' title='bbox 1332 1724 1391 1768; x_wconf 75' lang='lat' dir='ltr'><strong>gero</strong></span> <span class='ocrx_word' id='word_1_156' title='bbox 1407 1716 1433 1757; x_wconf 84' lang='lat' dir='ltr'><strong>to</strong></span> 
     </span>
     <span class='ocr_line' id='line_1_13' title="bbox 235 1783 1431 1848; baseline 0.003 -16"><span class='ocrx_word' id='word_1_157' title='bbox 235 1783 309 1843; x_wconf 81' lang='lat' dir='ltr'><strong>Hugh</strong></span> <span class='ocrx_word' id='word_1_158' title='bbox 322 1787 352 1832; x_wconf 90' lang='lat' dir='ltr'><strong>de</strong></span> <span class='ocrx_word' id='word_1_159' title='bbox 364 1787 441 1832; x_wconf 75' lang='lat' dir='ltr'><strong>Nes&#39;ill</strong></span> <span class='ocrx_word' id='word_1_160' title='bbox 453 1787 490 1833; x_wconf 85' lang='lat' dir='ltr'><strong>his</strong></span> <span class='ocrx_word' id='word_1_161' title='bbox 506 1803 589 1834; x_wconf 84' lang='lat' dir='ltr'><strong>menor</strong></span> <span class='ocrx_word' id='word_1_162' title='bbox 600 1790 626 1835; x_wconf 79' lang='lat' dir='ltr'><strong>oi</strong></span> <span class='ocrx_word' id='word_1_163' title='bbox 641 1789 753 1840; x_wconf 80' lang='lat' dir='ltr'><strong>Emhsie,</strong></span> <span class='ocrx_word' id='word_1_164' title='bbox 770 1790 826 1835; x_wconf 84' lang='lat' dir='ltr'><strong>with</strong></span> <span class='ocrx_word' id='word_1_165' title='bbox 838 1789 870 1834; x_wconf 87' lang='lat' dir='ltr'><strong>nli</strong></span> <span class='ocrx_word' id='word_1_166' title='bbox 881 1789 923 1835; x_wconf 87' lang='lat' dir='ltr'><strong>the</strong></span> <span class='ocrx_word' id='word_1_167' title='bbox 939 1788 995 1834; x_wconf 87' lang='lat' dir='ltr'><strong>soke</strong></span> <span class='ocrx_word' id='word_1_168' title='bbox 1006 1788 1054 1834; x_wconf 89' lang='lat' dir='ltr'><strong>nnd</strong></span> <span class='ocrx_word' id='word_1_169' title='bbox 1071 1788 1103 1833; x_wconf 84' lang='lat' dir='ltr'><strong>nli</strong></span> <span class='ocrx_word' id='word_1_170' title='bbox 1123 1789 1153 1834; x_wconf 86' lang='lat' dir='ltr'><strong>its</strong></span> <span class='ocrx_word' id='word_1_171' title='bbox 1168 1795 1366 1848; x_wconf 74' lang='lat' dir='ltr'><strong>eppurtensnces,</strong></span> <span class='ocrx_word' id='word_1_172' title='bbox 1382 1790 1431 1836; x_wconf 88' lang='lat' dir='ltr'><strong>ond</strong></span> 
     </span>
     <span class='ocr_line' id='line_1_14' title="bbox 234 1867 1430 1930; baseline 0.004 -18"><span class='ocrx_word' id='word_1_173' title='bbox 234 1867 289 1913; x_wconf 86' lang='lat' dir='ltr'><strong>with</strong></span> <span class='ocrx_word' id='word_1_174' title='bbox 302 1867 342 1914; x_wconf 72' lang='lat' dir='ltr'><strong>the</strong></span> <span class='ocrx_word' id='word_1_175' title='bbox 352 1869 477 1914; x_wconf 78' lang='lat' dir='ltr'><strong>edrowson</strong></span> <span class='ocrx_word' id='word_1_176' title='bbox 487 1869 559 1916; x_wconf 81' lang='lat' dir='ltr'><strong>nithe</strong></span> <span class='ocrx_word' id='word_1_177' title='bbox 569 1870 669 1928; x_wconf 75' lang='lat' dir='ltr'><strong>chureii,</strong></span> <span class='ocrx_word' id='word_1_178' title='bbox 680 1877 704 1918; x_wconf 81' lang='lat' dir='ltr'><strong>to</strong></span> <span class='ocrx_word' id='word_1_179' title='bbox 716 1871 772 1917; x_wconf 88' lang='lat' dir='ltr'><strong>hold</strong></span> <span class='ocrx_word' id='word_1_180' title='bbox 784 1872 810 1915; x_wconf 86' lang='lat' dir='ltr'><strong>oi</strong></span> <span class='ocrx_word' id='word_1_181' title='bbox 820 1871 869 1916; x_wconf 87' lang='lat' dir='ltr'><strong>him</strong></span> <span class='ocrx_word' id='word_1_182' title='bbox 877 1872 926 1916; x_wconf 86' lang='lat' dir='ltr'><strong>nnd</strong></span> <span class='ocrx_word' id='word_1_183' title='bbox 938 1870 974 1915; x_wconf 91' lang='lat' dir='ltr'><strong>his</strong></span> <span class='ocrx_word' id='word_1_184' title='bbox 985 1870 1047 1915; x_wconf 85' lang='lat' dir='ltr'><strong>heire</strong></span> <span class='ocrx_word' id='word_1_185' title='bbox 1058 1871 1082 1915; x_wconf 92' lang='lat' dir='ltr'><strong>in</strong></span> <span class='ocrx_word' id='word_1_186' title='bbox 1096 1869 1201 1927; x_wconf 81' lang='lat' dir='ltr'><strong>iceinrm,</strong></span> <span class='ocrx_word' id='word_1_187' title='bbox 1213 1871 1342 1930; x_wconf 81' lang='lat' dir='ltr'><strong>rendering</strong></span> <span class='ocrx_word' id='word_1_188' title='bbox 1353 1871 1430 1917; x_wconf 86' lang='lat' dir='ltr'><strong>there·</strong></span> 
     </span>
     <span class='ocr_line' id='line_1_15' title="bbox 232 1950 1430 2014; baseline 0.002 -18"><span class='ocrx_word' id='word_1_189' title='bbox 232 1951 292 1996; x_wconf 82' lang='lat' dir='ltr'><strong>trom</strong></span> <span class='ocrx_word' id='word_1_190' title='bbox 303 1950 415 2011; x_wconf 74' lang='lat' dir='ltr'><strong>ennunily</strong></span> <span class='ocrx_word' id='word_1_191' title='bbox 426 1957 467 1997; x_wconf 86' lang='lat' dir='ltr'><strong>ten</strong></span> <span class='ocrx_word' id='word_1_192' title='bbox 479 1952 572 2012; x_wconf 84' lang='lat' dir='ltr'><strong>poundr</strong></span> <span class='ocrx_word' id='word_1_193' title='bbox 587 1954 616 2012; x_wconf 81' lang='lat' dir='ltr'><strong>by</strong></span> <span class='ocrx_word' id='word_1_194' title='bbox 628 1952 682 2011; x_wconf 77' lang='lat' dir='ltr'><strong>mle,</strong></span> <span class='ocrx_word' id='word_1_195' title='bbox 700 1953 798 2014; x_wconf 85' lang='lat' dir='ltr'><strong>peynbie</strong></span> <span class='ocrx_word' id='word_1_196' title='bbox 809 1960 833 1998; x_wconf 88' lang='lat' dir='ltr'><strong>nt</strong></span> <span class='ocrx_word' id='word_1_197' title='bbox 851 1952 893 1999; x_wconf 87' lang='lat' dir='ltr'><strong>thc</strong></span> <span class='ocrx_word' id='word_1_198' title='bbox 910 1951 1054 2011; x_wconf 86' lang='lat' dir='ltr'><strong>Exchequcr</strong></span> <span class='ocrx_word' id='word_1_199' title='bbox 1064 1952 1091 1999; x_wconf 82' lang='lat' dir='ltr'><strong>oi</strong></span> <span class='ocrx_word' id='word_1_200' title='bbox 1106 1952 1223 2009; x_wconf 85' lang='lat' dir='ltr'><strong>London;</strong></span> <span class='ocrx_word' id='word_1_201' title='bbox 1241 1953 1341 2011; x_wconf 70' lang='lat' dir='ltr'><strong>nnmeiv,</strong></span> <span class='ocrx_word' id='word_1_202' title='bbox 1353 1959 1377 1998; x_wconf 87' lang='lat' dir='ltr'><strong>nt</strong></span> <span class='ocrx_word' id='word_1_203' title='bbox 1389 1952 1430 1999; x_wconf 87' lang='lat' dir='ltr'><strong>tho</strong></span> 
     </span>
     <span class='ocr_line' id='line_1_16' title="bbox 232 2030 1428 2094; baseline 0.003 -18"><span class='ocrx_word' id='word_1_204' title='bbox 232 2030 375 2092; x_wconf 72' lang='lat' dir='ltr'><strong>Enchequer</strong></span> <span class='ocrx_word' id='word_1_205' title='bbox 386 2030 412 2078; x_wconf 81' lang='lat' dir='ltr'><strong>oi</strong></span> <span class='ocrx_word' id='word_1_206' title='bbox 418 2031 453 2079; x_wconf 82' lang='lat' dir='ltr'><strong>St.</strong></span> <span class='ocrx_word' id='word_1_207' title='bbox 466 2031 575 2090; x_wconf 65' lang='lat' dir='ltr'><strong>Micioni,</strong></span> <span class='ocrx_word' id='word_1_208' title='bbox 587 2032 634 2079; x_wconf 83' lang='lat' dir='ltr'><strong>snd</strong></span> <span class='ocrx_word' id='word_1_209' title='bbox 647 2033 720 2094; x_wconf 82' lang='lat' dir='ltr'><strong>doing</strong></span> <span class='ocrx_word' id='word_1_210' title='bbox 731 2032 771 2079; x_wconf 90' lang='lat' dir='ltr'><strong>the</strong></span> <span class='ocrx_word' id='word_1_211' title='bbox 782 2033 870 2079; x_wconf 76' lang='lat' dir='ltr'><strong>service</strong></span> <span class='ocrx_word' id='word_1_212' title='bbox 881 2032 908 2078; x_wconf 82' lang='lat' dir='ltr'><strong>oi</strong></span> <span class='ocrx_word' id='word_1_213' title='bbox 916 2033 956 2079; x_wconf 87' lang='lat' dir='ltr'><strong>the</strong></span> <span class='ocrx_word' id='word_1_214' title='bbox 968 2031 1047 2079; x_wconf 77' lang='lat' dir='ltr'><strong>fourth</strong></span> <span class='ocrx_word' id='word_1_215' title='bbox 1059 2039 1112 2093; x_wconf 83' lang='lat' dir='ltr'><strong>pert</strong></span> <span class='ocrx_word' id='word_1_216' title='bbox 1121 2032 1149 2080; x_wconf 87' lang='lat' dir='ltr'><strong>oi</strong></span> <span class='ocrx_word' id='word_1_217' title='bbox 1156 2032 1195 2078; x_wconf 84' lang='lat' dir='ltr'><strong>the</strong></span> <span class='ocrx_word' id='word_1_218' title='bbox 1204 2031 1328 2078; x_wconf 82' lang='lat' dir='ltr'><strong>ticinione</strong></span> <span class='ocrx_word' id='word_1_219' title='bbox 1341 2032 1428 2093; x_wconf 87' lang='lat' dir='ltr'><strong>hnight</strong></span> 
     </span>
     <span class='ocr_line' id='line_1_17' title="bbox 230 2112 1429 2174; baseline 0.002 -15"><span class='ocrx_word' id='word_1_220' title='bbox 230 2112 267 2159; x_wconf 84' lang='lat' dir='ltr'><strong>tor</strong></span> <span class='ocrx_word' id='word_1_221' title='bbox 277 2113 308 2158; x_wconf 81' lang='lat' dir='ltr'><strong>eii</strong></span> <span class='ocrx_word' id='word_1_222' title='bbox 320 2113 407 2160; x_wconf 75' lang='lat' dir='ltr'><strong>service</strong></span> <span class='ocrx_word' id='word_1_223' title='bbox 417 2114 465 2160; x_wconf 81' lang='lat' dir='ltr'><strong>end</strong></span> <span class='ocrx_word' id='word_1_224' title='bbox 475 2114 577 2160; x_wconf 80' lang='lat' dir='ltr'><strong>demand</strong></span> <span class='ocrx_word' id='word_1_225' title='bbox 592 2115 616 2160; x_wconf 93' lang='lat' dir='ltr'><strong>in</strong></span> <span class='ocrx_word' id='word_1_226' title='bbox 626 2113 677 2161; x_wconf 81' lang='lat' dir='ltr'><strong>thet</strong></span> <span class='ocrx_word' id='word_1_227' title='bbox 688 2113 775 2162; x_wconf 79' lang='lat' dir='ltr'><strong>behelt.</strong></span> <span class='ocrx_word' id='word_1_228' title='bbox 808 2115 877 2160; x_wconf 85' lang='lat' dir='ltr'><strong>Aiter</strong></span> <span class='ocrx_word' id='word_1_229' title='bbox 888 2115 927 2161; x_wconf 85' lang='lat' dir='ltr'><strong>thc</strong></span> <span class='ocrx_word' id='word_1_230' title='bbox 940 2113 1012 2161; x_wconf 72' lang='lat' dir='ltr'><strong>death</strong></span> <span class='ocrx_word' id='word_1_231' title='bbox 1024 2114 1050 2160; x_wconf 85' lang='lat' dir='ltr'><strong>oi</strong></span> <span class='ocrx_word' id='word_1_232' title='bbox 1060 2114 1134 2174; x_wconf 87' lang='lat' dir='ltr'><strong>iiugh</strong></span> <span class='ocrx_word' id='word_1_233' title='bbox 1147 2113 1177 2160; x_wconf 89' lang='lat' dir='ltr'><strong>de</strong></span> <span class='ocrx_word' id='word_1_234' title='bbox 1189 2114 1267 2159; x_wconf 77' lang='lat' dir='ltr'><strong>Neniil</strong></span> <span class='ocrx_word' id='word_1_235' title='bbox 1280 2115 1298 2160; x_wconf 88' lang='lat' dir='ltr'><strong>it</strong></span> <span class='ocrx_word' id='word_1_236' title='bbox 1311 2129 1357 2159; x_wconf 85' lang='lat' dir='ltr'><strong>wne</strong></span> <span class='ocrx_word' id='word_1_237' title='bbox 1370 2113 1429 2161; x_wconf 82' lang='lat' dir='ltr'><strong>held</strong></span> 
     </span>
     <span class='ocr_line' id='line_1_18' title="bbox 230 2191 1430 2254; baseline 0.005 -20"><span class='ocrx_word' id='word_1_238' title='bbox 230 2191 259 2249; x_wconf 70' lang='lat' dir='ltr'><strong>by</strong></span> <span class='ocrx_word' id='word_1_239' title='bbox 272 2191 375 2239; x_wconf 77' lang='lat' dir='ltr'><strong>lierbert</strong></span> <span class='ocrx_word' id='word_1_240' title='bbox 386 2193 416 2239; x_wconf 88' lang='lat' dir='ltr'><strong>de</strong></span> <span class='ocrx_word' id='word_1_241' title='bbox 428 2193 514 2251; x_wconf 77' lang='lat' dir='ltr'><strong>Nevili,</strong></span> <span class='ocrx_word' id='word_1_242' title='bbox 525 2207 539 2237; x_wconf 84' lang='lat' dir='ltr'><strong>e</strong></span> <span class='ocrx_word' id='word_1_243' title='bbox 550 2208 656 2254; x_wconf 74' lang='lat' dir='ltr'><strong>younger</strong></span> <span class='ocrx_word' id='word_1_244' title='bbox 666 2208 717 2250; x_wconf 81' lang='lat' dir='ltr'><strong>son,</strong></span> <span class='ocrx_word' id='word_1_245' title='bbox 728 2195 758 2253; x_wconf 78' lang='lat' dir='ltr'><strong>hy</strong></span> <span class='ocrx_word' id='word_1_246' title='bbox 770 2194 810 2240; x_wconf 87' lang='lat' dir='ltr'><strong>the</strong></span> <span class='ocrx_word' id='word_1_247' title='bbox 819 2195 954 2241; x_wconf 74' lang='lat' dir='ltr'><strong>coneemion</strong></span> <span class='ocrx_word' id='word_1_248' title='bbox 966 2195 1079 2254; x_wconf 76' lang='lat' dir='ltr'><strong>probably</strong></span> <span class='ocrx_word' id='word_1_249' title='bbox 1091 2194 1118 2239; x_wconf 83' lang='lat' dir='ltr'><strong>ot</strong></span> <span class='ocrx_word' id='word_1_250' title='bbox 1127 2194 1239 2240; x_wconf 86' lang='lat' dir='ltr'><strong>hiseider</strong></span> <span class='ocrx_word' id='word_1_251' title='bbox 1251 2195 1355 2251; x_wconf 85' lang='lat' dir='ltr'><strong>brother,</strong></span> <span class='ocrx_word' id='word_1_252' title='bbox 1362 2194 1430 2242; x_wconf 88' lang='lat' dir='ltr'><strong>John</strong></span> 
     </span>
     <span class='ocr_line' id='line_1_19' title="bbox 230 2273 1428 2334; baseline 0.003 -16"><span class='ocrx_word' id='word_1_253' title='bbox 230 2273 260 2318; x_wconf 87' lang='lat' dir='ltr'><strong>de</strong></span> <span class='ocrx_word' id='word_1_254' title='bbox 270 2273 355 2329; x_wconf 82' lang='lat' dir='ltr'><strong>Nerill,</strong></span> <span class='ocrx_word' id='word_1_255' title='bbox 365 2273 442 2320; x_wconf 82' lang='lat' dir='ltr'><strong>whom</strong></span> <span class='ocrx_word' id='word_1_256' title='bbox 454 2275 484 2321; x_wconf 87' lang='lat' dir='ltr'><strong>ho</strong></span> <span class='ocrx_word' id='word_1_257' title='bbox 494 2275 613 2322; x_wconf 69' lang='lat' dir='ltr'><strong>turrired.</strong></span> <span class='ocrx_word' id='word_1_258' title='bbox 648 2275 676 2321; x_wconf 87' lang='lat' dir='ltr'><strong>In</strong></span> <span class='ocrx_word' id='word_1_259' title='bbox 689 2276 729 2322; x_wconf 83' lang='lat' dir='ltr'><strong>the</strong></span> <span class='ocrx_word' id='word_1_260' title='bbox 741 2275 809 2322; x_wconf 78' lang='lat' dir='ltr'><strong>Teste</strong></span> <span class='ocrx_word' id='word_1_261' title='bbox 821 2276 851 2321; x_wconf 91' lang='lat' dir='ltr'><strong>de</strong></span> <span class='ocrx_word' id='word_1_262' title='bbox 860 2276 881 2321; x_wconf 84' lang='lat' dir='ltr'>N</span> <span class='ocrx_word' id='word_1_263' title='bbox 884 2277 937 2322; x_wconf 87' lang='lat' dir='ltr'><strong>eviii</strong></span> <span class='ocrx_word' id='word_1_264' title='bbox 950 2277 969 2322; x_wconf 85' lang='lat' dir='ltr'><strong>is</strong></span> <span class='ocrx_word' id='word_1_265' title='bbox 980 2276 1028 2321; x_wconf 82' lang='lat' dir='ltr'><strong>this</strong></span> <span class='ocrx_word' id='word_1_266' title='bbox 1038 2283 1120 2334; x_wconf 81' lang='lat' dir='ltr'><strong>entry:</strong></span> <span class='ocrx_word' id='word_1_267' title='bbox 1134 2278 1149 2301; x_wconf 86' lang='lat'>“</span> <span class='ocrx_word' id='word_1_268' title='bbox 1159 2274 1294 2323; x_wconf 84' lang='lat' dir='ltr'><strong>lierbcrtus</strong></span> <span class='ocrx_word' id='word_1_269' title='bbox 1305 2277 1335 2321; x_wconf 88' lang='lat' dir='ltr'><strong>dc</strong></span> <span class='ocrx_word' id='word_1_270' title='bbox 1348 2276 1428 2321; x_wconf 80' lang='lat' dir='ltr'><strong>Neviii</strong></span> 
     </span>
     <span class='ocr_line' id='line_1_20' title="bbox 229 2355 1429 2417; baseline 0.002 -18"><span class='ocrx_word' id='word_1_271' title='bbox 229 2360 294 2401; x_wconf 85' lang='lat' dir='ltr'><strong>tenet</strong></span> <span class='ocrx_word' id='word_1_272' title='bbox 305 2362 378 2402; x_wconf 70' lang='lat' dir='ltr'><strong>tritum</strong></span> <span class='ocrx_word' id='word_1_273' title='bbox 390 2357 469 2403; x_wconf 77' lang='lat' dir='ltr'><strong>nillum</strong></span> <span class='ocrx_word' id='word_1_274' title='bbox 480 2357 510 2402; x_wconf 90' lang='lat' dir='ltr'><strong>de</strong></span> <span class='ocrx_word' id='word_1_275' title='bbox 526 2356 627 2403; x_wconf 82' lang='lat' dir='ltr'><strong>Arnhuli</strong></span> <span class='ocrx_word' id='word_1_276' title='bbox 644 2364 668 2402; x_wconf 86' lang='lat' dir='ltr'><strong>et</strong></span> <span class='ocrx_word' id='word_1_277' title='bbox 684 2363 793 2417; x_wconf 75' lang='lat' dir='ltr'><strong>quartem</strong></span> <span class='ocrx_word' id='word_1_278' title='bbox 810 2364 900 2417; x_wconf 78' lang='lat' dir='ltr'><strong>perient</strong></span> <span class='ocrx_word' id='word_1_279' title='bbox 913 2357 967 2402; x_wconf 77' lang='lat' dir='ltr'><strong>ville</strong></span> <span class='ocrx_word' id='word_1_280' title='bbox 979 2356 1009 2401; x_wconf 87' lang='lat' dir='ltr'><strong>de</strong></span> <span class='ocrx_word' id='word_1_281' title='bbox 1022 2355 1172 2415; x_wconf 83' lang='lat' dir='ltr'><strong>Wudeburg,</strong></span> <span class='ocrx_word' id='word_1_282' title='bbox 1190 2370 1233 2414; x_wconf 89' lang='lat' dir='ltr'><strong>pro</strong></span> <span class='ocrx_word' id='word_1_283' title='bbox 1245 2357 1332 2414; x_wconf 87' lang='lat' dir='ltr'><strong>quibue</strong></span> <span class='ocrx_word' id='word_1_284' title='bbox 1349 2357 1429 2401; x_wconf 88' lang='lat' dir='ltr'><strong>reddit</strong></span> 
     </span>
     <span class='ocr_line' id='line_1_21' title="bbox 230 2436 1432 2498; baseline 0 -16"><span class='ocrx_word' id='word_1_285' title='bbox 230 2450 373 2496; x_wconf 72' lang='lat' dir='ltr'><strong>perannum</strong></span> <span class='ocrx_word' id='word_1_286' title='bbox 386 2452 402 2482; x_wconf 81' lang='lat' dir='ltr'>x</span> <span class='ocrx_word' id='word_1_287' title='bbox 410 2438 507 2485; x_wconf 74' lang='lat' dir='ltr'><strong>libres.”</strong></span> <span class='ocrx_word' id='word_1_288' title='bbox 546 2436 597 2484; x_wconf 86' lang='lat' dir='ltr'><strong>The</strong></span> <span class='ocrx_word' id='word_1_289' title='bbox 609 2438 730 2498; x_wconf 74' lang='lat' dir='ltr'><strong>ioiiowIng</strong></span> <span class='ocrx_word' id='word_1_290' title='bbox 743 2439 822 2484; x_wconf 74' lang='lat' dir='ltr'><strong>letter</strong></span> <span class='ocrx_word' id='word_1_291' title='bbox 833 2437 926 2495; x_wconf 76' lang='lat' dir='ltr'><strong>Patent,</strong></span> <span class='ocrx_word' id='word_1_292' title='bbox 939 2452 969 2482; x_wconf 93' lang='lat' dir='ltr'><strong>on</strong></span> <span class='ocrx_word' id='word_1_293' title='bbox 981 2437 1022 2482; x_wconf 91' lang='lat' dir='ltr'><strong>the</strong></span> <span class='ocrx_word' id='word_1_294' title='bbox 1035 2436 1087 2481; x_wconf 84' lang='lat' dir='ltr'><strong>Reli</strong></span> <span class='ocrx_word' id='word_1_295' title='bbox 1100 2436 1176 2481; x_wconf 83' lang='lat' dir='ltr'><strong>nithe</strong></span> <span class='ocrx_word' id='word_1_296' title='bbox 1188 2436 1326 2481; x_wconf 87' lang='lat' dir='ltr'><strong>ninetcenth</strong></span> <span class='ocrx_word' id='word_1_297' title='bbox 1338 2451 1393 2495; x_wconf 76' lang='lat' dir='ltr'><strong>year</strong></span> <span class='ocrx_word' id='word_1_298' title='bbox 1404 2437 1432 2482; x_wconf 83' lang='lat' dir='ltr'><strong>oi</strong></span> 
     </span>
     <span class='ocr_line' id='line_1_22' title="bbox 231 2515 1427 2578; baseline 0 -16"><span class='ocrx_word' id='word_1_299' title='bbox 231 2517 313 2578; x_wconf 76' lang='lat' dir='ltr'><strong>ilenry</strong></span> <span class='ocrx_word' id='word_1_300' title='bbox 323 2518 364 2564; x_wconf 83' lang='lat' dir='ltr'><strong>the</strong></span> <span class='ocrx_word' id='word_1_301' title='bbox 375 2516 458 2575; x_wconf 82' lang='lat' dir='ltr'><strong>Third,</strong></span> <span class='ocrx_word' id='word_1_302' title='bbox 476 2518 535 2577; x_wconf 79' lang='lat' dir='ltr'><strong>tuliy</strong></span> <span class='ocrx_word' id='word_1_303' title='bbox 547 2518 683 2565; x_wconf 70' lang='lat' dir='ltr'><strong>estubiishes</strong></span> <span class='ocrx_word' id='word_1_304' title='bbox 694 2520 740 2565; x_wconf 88' lang='lat' dir='ltr'><strong>this</strong></span> <span class='ocrx_word' id='word_1_305' title='bbox 751 2519 823 2564; x_wconf 86' lang='lat' dir='ltr'><strong>eeizin</strong></span> <span class='ocrx_word' id='word_1_306' title='bbox 835 2520 860 2564; x_wconf 92' lang='lat' dir='ltr'><strong>in</strong></span> <span class='ocrx_word' id='word_1_307' title='bbox 872 2517 1045 2564; x_wconf 73' lang='lat' dir='ltr'><strong>contradiction</strong></span> <span class='ocrx_word' id='word_1_308' title='bbox 1062 2525 1087 2562; x_wconf 85' lang='lat' dir='ltr'><strong>to</strong></span> <span class='ocrx_word' id='word_1_309' title='bbox 1098 2515 1228 2572; x_wconf 86' lang='lat' dir='ltr'><strong>Theroten,</strong></span> <span class='ocrx_word' id='word_1_310' title='bbox 1245 2517 1298 2561; x_wconf 84' lang='lat' dir='ltr'><strong>who</strong></span> <span class='ocrx_word' id='word_1_311' title='bbox 1310 2517 1427 2576; x_wconf 72' lang='lat' dir='ltr'><strong>supposed</strong></span> 
     </span>
     <span class='ocr_line' id='line_1_23' title="bbox 229 2596 1428 2659; baseline 0.003 -16"><span class='ocrx_word' id='word_1_312' title='bbox 229 2598 281 2644; x_wconf 83' lang='lat' dir='ltr'><strong>thot</strong></span> <span class='ocrx_word' id='word_1_313' title='bbox 292 2596 396 2645; x_wconf 85' lang='lat' dir='ltr'><strong>iierbert</strong></span> <span class='ocrx_word' id='word_1_314' title='bbox 408 2613 454 2645; x_wconf 82' lang='lat' dir='ltr'><strong>wss</strong></span> <span class='ocrx_word' id='word_1_315' title='bbox 465 2613 479 2644; x_wconf 87' lang='lat' dir='ltr'><strong>n</strong></span> <span class='ocrx_word' id='word_1_316' title='bbox 491 2600 600 2659; x_wconf 88' lang='lat' dir='ltr'><strong>misprint</strong></span> <span class='ocrx_word' id='word_1_317' title='bbox 611 2599 648 2645; x_wconf 81' lang='lat' dir='ltr'><strong>tor</strong></span> <span class='ocrx_word' id='word_1_318' title='bbox 660 2599 741 2659; x_wconf 82' lang='lat' dir='ltr'><strong>lingo.</strong></span> <span class='ocrx_word' id='word_1_319' title='bbox 765 2600 839 2645; x_wconf 83' lang='lat' dir='ltr'><strong>“Rex</strong></span> <span class='ocrx_word' id='word_1_320' title='bbox 853 2599 933 2644; x_wconf 80' lang='lat' dir='ltr'><strong>liberie</strong></span> <span class='ocrx_word' id='word_1_321' title='bbox 944 2598 1080 2644; x_wconf 88' lang='lat' dir='ltr'><strong>hominihus</strong></span> <span class='ocrx_word' id='word_1_322' title='bbox 1091 2599 1228 2643; x_wconf 84' lang='lat' dir='ltr'><strong>tenentibus</strong></span> <span class='ocrx_word' id='word_1_323' title='bbox 1240 2604 1313 2644; x_wconf 77' lang='lat' dir='ltr'><strong>terres</strong></span> <span class='ocrx_word' id='word_1_324' title='bbox 1321 2599 1351 2644; x_wconf 90' lang='lat' dir='ltr'><strong>de</strong></span> <span class='ocrx_word' id='word_1_325' title='bbox 1365 2597 1428 2646; x_wconf 82' lang='lat' dir='ltr'><strong>lier-</strong></span> 
     </span>
     <span class='ocr_line' id='line_1_24' title="bbox 229 2678 1427 2740; baseline 0.005 -18"><span class='ocrx_word' id='word_1_326' title='bbox 229 2679 295 2723; x_wconf 85' lang='lat' dir='ltr'><strong>bertn</strong></span> <span class='ocrx_word' id='word_1_327' title='bbox 308 2678 339 2723; x_wconf 90' lang='lat' dir='ltr'><strong>de</strong></span> <span class='ocrx_word' id='word_1_328' title='bbox 351 2679 444 2724; x_wconf 75' lang='lat' dir='ltr'><strong>Nes-ilis</strong></span> <span class='ocrx_word' id='word_1_329' title='bbox 455 2680 479 2725; x_wconf 94' lang='lat' dir='ltr'><strong>in</strong></span> <span class='ocrx_word' id='word_1_330' title='bbox 492 2679 598 2726; x_wconf 77' lang='lat' dir='ltr'><strong>ArnhnIe</strong></span> <span class='ocrx_word' id='word_1_331' title='bbox 607 2686 630 2726; x_wconf 86' lang='lat' dir='ltr'><strong>ct</strong></span> <span class='ocrx_word' id='word_1_332' title='bbox 642 2682 666 2725; x_wconf 92' lang='lat' dir='ltr'><strong>in</strong></span> <span class='ocrx_word' id='word_1_333' title='bbox 679 2681 743 2738; x_wconf 86' lang='lat' dir='ltr'><strong>sohn,</strong></span> <span class='ocrx_word' id='word_1_334' title='bbox 755 2681 863 2727; x_wconf 50' lang='lat' dir='ltr'><strong>minam.</strong></span> <span class='ocrx_word' id='word_1_335' title='bbox 890 2678 1011 2740; x_wconf 82' lang='lat' dir='ltr'><strong>Rogemm</strong></span> <span class='ocrx_word' id='word_1_336' title='bbox 1027 2692 1067 2724; x_wconf 77' lang='lat' dir='ltr'><strong>ros</strong></span> <span class='ocrx_word' id='word_1_337' title='bbox 1084 2679 1197 2739; x_wconf 76' lang='lat' dir='ltr'><strong>quatinus</strong></span> <span class='ocrx_word' id='word_1_338' title='bbox 1209 2679 1299 2738; x_wconf 78' lang='lat' dir='ltr'><strong>pretato</strong></span> <span class='ocrx_word' id='word_1_339' title='bbox 1307 2679 1427 2727; x_wconf 84' lang='lat' dir='ltr'><strong>lierberto</strong></span> 
     </span>
     <span class='ocr_line' id='line_1_25' title="bbox 228 2760 1428 2821; baseline 0.002 -16"><span class='ocrx_word' id='word_1_340' title='bbox 228 2760 324 2805; x_wconf 88' lang='lat' dir='ltr'><strong>domino</strong></span> <span class='ocrx_word' id='word_1_341' title='bbox 334 2766 416 2816; x_wconf 75' lang='lat' dir='ltr'><strong>restro,</strong></span> <span class='ocrx_word' id='word_1_342' title='bbox 428 2761 469 2819; x_wconf 90' lang='lat' dir='ltr'><strong>qui</strong></span> <span class='ocrx_word' id='word_1_343' title='bbox 480 2760 570 2806; x_wconf 76' lang='lat' dir='ltr'><strong>auxilio</strong></span> <span class='ocrx_word' id='word_1_344' title='bbox 582 2768 660 2806; x_wconf 84' lang='lat' dir='ltr'><strong>nostro</strong></span> <span class='ocrx_word' id='word_1_345' title='bbox 672 2762 763 2821; x_wconf 81' lang='lat' dir='ltr'><strong>indiget</strong></span> <span class='ocrx_word' id='word_1_346' title='bbox 774 2762 804 2807; x_wconf 85' lang='lat' dir='ltr'><strong>nd</strong></span> <span class='ocrx_word' id='word_1_347' title='bbox 816 2776 840 2807; x_wconf 90' lang='lat' dir='ltr'><strong>se</strong></span> <span class='ocrx_word' id='word_1_348' title='bbox 849 2760 1029 2807; x_wconf 76' lang='lat' dir='ltr'><strong>sustentandum</strong></span> <span class='ocrx_word' id='word_1_349' title='bbox 1039 2761 1063 2805; x_wconf 92' lang='lat' dir='ltr'><strong>in</strong></span> <span class='ocrx_word' id='word_1_350' title='bbox 1075 2761 1172 2806; x_wconf 76' lang='lat' dir='ltr'><strong>servicio</strong></span> <span class='ocrx_word' id='word_1_351' title='bbox 1182 2767 1260 2807; x_wconf 81' lang='lat' dir='ltr'><strong>nostro</strong></span> <span class='ocrx_word' id='word_1_352' title='bbox 1271 2767 1295 2807; x_wconf 88' lang='lat' dir='ltr'><strong>et</strong></span> <span class='ocrx_word' id='word_1_353' title='bbox 1306 2762 1336 2807; x_wconf 83' lang='lat' dir='ltr'><strong>ad</strong></span> <span class='ocrx_word' id='word_1_354' title='bbox 1346 2763 1428 2807; x_wconf 79' lang='lat' dir='ltr'><strong>debito</strong></span> 
     </span>
     <span class='ocr_line' id='line_1_26' title="bbox 227 2840 1424 2902; baseline 0.003 -17"><span class='ocrx_word' id='word_1_355' title='bbox 227 2855 269 2886; x_wconf 81' lang='lat' dir='ltr'><strong>sne</strong></span> <span class='ocrx_word' id='word_1_356' title='bbox 285 2840 452 2900; x_wconf 87' lang='lat' dir='ltr'><strong>nequictondu,</strong></span> <span class='ocrx_word' id='word_1_357' title='bbox 464 2841 603 2886; x_wconf 88' lang='lat' dir='ltr'><strong>rntionnbile</strong></span> <span class='ocrx_word' id='word_1_358' title='bbox 614 2842 730 2887; x_wconf 81' lang='lat' dir='ltr'><strong>auxilium</strong></span> <span class='ocrx_word' id='word_1_359' title='bbox 746 2841 871 2901; x_wconf 74' lang='lat' dir='ltr'><strong>benignius</strong></span> <span class='ocrx_word' id='word_1_360' title='bbox 890 2842 1039 2902; x_wconf 71' lang='lat' dir='ltr'><strong>impendatis,</strong></span> <span class='ocrx_word' id='word_1_361' title='bbox 1058 2843 1090 2888; x_wconf 76' lang='lat' dir='ltr'><strong>ita</strong></span> <span class='ocrx_word' id='word_1_362' title='bbox 1107 2843 1172 2902; x_wconf 88' lang='lat' dir='ltr'><strong>quod</strong></span> <span class='ocrx_word' id='word_1_363' title='bbox 1184 2842 1287 2888; x_wconf 87' lang='lat' dir='ltr'><strong>cundem</strong></span> <span class='ocrx_word' id='word_1_364' title='bbox 1299 2842 1424 2888; x_wconf 90' lang='lat' dir='ltr'><strong>dominum</strong></span> 
     </span>
     <span class='ocr_line' id='line_1_27' title="bbox 228 2922 1425 2986; baseline 0.003 -20"><span class='ocrx_word' id='word_1_365' title='bbox 228 2926 329 2969; x_wconf 81' lang='lat' dir='ltr'><strong>vestrum</strong></span> <span class='ocrx_word' id='word_1_366' title='bbox 349 2923 374 2969; x_wconf 91' lang='lat' dir='ltr'><strong>in</strong></span> <span class='ocrx_word' id='word_1_367' title='bbox 394 2922 447 2980; x_wconf 85' lang='lat' dir='ltr'><strong>hiis,</strong></span> <span class='ocrx_word' id='word_1_368' title='bbox 465 2936 512 2983; x_wconf 88' lang='lat' dir='ltr'><strong>que</strong></span> <span class='ocrx_word' id='word_1_369' title='bbox 531 2936 602 2983; x_wconf 86' lang='lat' dir='ltr'><strong>penes</strong></span> <span class='ocrx_word' id='word_1_370' title='bbox 618 2924 695 2983; x_wconf 86' lang='lat' dir='ltr'><strong>ipsum</strong></span> <span class='ocrx_word' id='word_1_371' title='bbox 713 2924 830 2970; x_wconf 72' lang='lat' dir='ltr'><strong>habebitis</strong></span> <span class='ocrx_word' id='word_1_372' title='bbox 851 2925 1008 2986; x_wconf 79' lang='lat' dir='ltr'><strong>expedienda,</strong></span> <span class='ocrx_word' id='word_1_373' title='bbox 1031 2926 1199 2985; x_wconf 82' lang='lat' dir='ltr'><strong>promptiorem</strong></span> <span class='ocrx_word' id='word_1_374' title='bbox 1216 2931 1240 2972; x_wconf 85' lang='lat' dir='ltr'><strong>et</strong></span> <span class='ocrx_word' id='word_1_375' title='bbox 1261 2925 1425 2984; x_wconf 79' lang='lat' dir='ltr'><strong>benigniorem</strong></span> 
     </span>
     <span class='ocr_line' id='line_1_28' title="bbox 227 3004 1424 3066; baseline 0.003 -18"><span class='ocrx_word' id='word_1_376' title='bbox 227 3004 332 3051; x_wconf 77' lang='lat' dir='ltr'><strong>invenire</strong></span> <span class='ocrx_word' id='word_1_377' title='bbox 349 3005 432 3051; x_wconf 85' lang='lat' dir='ltr'><strong>merito</strong></span> <span class='ocrx_word' id='word_1_378' title='bbox 451 3004 580 3059; x_wconf 79' lang='lat' dir='ltr'><strong>debebatis,</strong></span> <span class='ocrx_word' id='word_1_379' title='bbox 601 3018 690 3065; x_wconf 85' lang='lat' dir='ltr'><strong>noeque</strong></span> <span class='ocrx_word' id='word_1_380' title='bbox 710 3006 858 3052; x_wconf 77' lang='lat' dir='ltr'><strong>devotionem</strong></span> <span class='ocrx_word' id='word_1_381' title='bbox 879 3011 987 3060; x_wconf 71' lang='lat' dir='ltr'><strong>restrum,</strong></span> <span class='ocrx_word' id='word_1_382' title='bbox 1007 3019 1078 3065; x_wconf 87' lang='lat' dir='ltr'><strong>quem</strong></span> <span class='ocrx_word' id='word_1_383' title='bbox 1101 3020 1157 3066; x_wconf 82' lang='lat' dir='ltr'><strong>erge</strong></span> <span class='ocrx_word' id='word_1_384' title='bbox 1176 3005 1300 3051; x_wconf 87' lang='lat' dir='ltr'><strong>dominum</strong></span> <span class='ocrx_word' id='word_1_385' title='bbox 1320 3011 1424 3051; x_wconf 78' lang='lat' dir='ltr'><strong>restrum</strong></span> 
     </span>
     <span class='ocr_line' id='line_1_29' title="bbox 225 3085 1424 3147; baseline 0 -16"><span class='ocrx_word' id='word_1_386' title='bbox 225 3086 305 3144; x_wconf 84' lang='lat' dir='ltr'><strong>geritis</strong></span> <span class='ocrx_word' id='word_1_387' title='bbox 322 3093 486 3142; x_wconf 77' lang='lat' dir='ltr'><strong>memoratum,</strong></span> <span class='ocrx_word' id='word_1_388' title='bbox 506 3085 592 3132; x_wconf 83' lang='lat' dir='ltr'><strong>hebere</strong></span> <span class='ocrx_word' id='word_1_389' title='bbox 612 3087 756 3133; x_wconf 79' lang='lat' dir='ltr'><strong>debebamus</strong></span> <span class='ocrx_word' id='word_1_390' title='bbox 774 3089 804 3133; x_wconf 93' lang='lat' dir='ltr'><strong>ob</strong></span> <span class='ocrx_word' id='word_1_391' title='bbox 823 3087 866 3133; x_wconf 90' lang='lat' dir='ltr'><strong>hoe</strong></span> <span class='ocrx_word' id='word_1_392' title='bbox 885 3088 969 3134; x_wconf 87' lang='lat' dir='ltr'><strong>merito</strong></span> <span class='ocrx_word' id='word_1_393' title='bbox 987 3088 1184 3135; x_wconf 69' lang='lat' dir='ltr'><strong>commendatam.</strong></span> <span class='ocrx_word' id='word_1_394' title='bbox 1217 3085 1311 3147; x_wconf 84' lang='lat' dir='ltr'><strong>T(eete)</strong></span> <span class='ocrx_word' id='word_1_395' title='bbox 1333 3085 1424 3147; x_wconf 83' lang='lat' dir='ltr'><strong>R(ege)</strong></span> 
     </span>
     <span class='ocr_line' id='line_1_30' title="bbox 226 3166 1425 3228; baseline 0.001 -16"><span class='ocrx_word' id='word_1_396' title='bbox 226 3168 290 3227; x_wconf 79' lang='lat' dir='ltr'><strong>opud</strong></span> <span class='ocrx_word' id='word_1_397' title='bbox 308 3166 458 3213; x_wconf 76' lang='lat' dir='ltr'><strong>Windeorem</strong></span> <span class='ocrx_word' id='word_1_398' title='bbox 471 3168 513 3212; x_wconf 78' lang='lat' dir='ltr'><strong>rii⁰</strong></span> <span class='ocrx_word' id='word_1_399' title='bbox 525 3167 563 3213; x_wconf 86' lang='lat' dir='ltr'><strong>die</strong></span> <span class='ocrx_word' id='word_1_400' title='bbox 579 3166 675 3213; x_wconf 56' lang='lat' dir='ltr'><strong>Juniis·</strong></span> <span class='ocrx_word' id='word_1_401' title='bbox 715 3167 902 3228; x_wconf 86' lang='lat' dir='ltr'><strong>Woodborough</strong></span> <span class='ocrx_word' id='word_1_402' title='bbox 918 3169 962 3214; x_wconf 82' lang='lat' dir='ltr'><strong>ise</strong></span> <span class='ocrx_word' id='word_1_403' title='bbox 974 3168 1051 3228; x_wconf 73' lang='lat' dir='ltr'><strong>punish</strong></span> <span class='ocrx_word' id='word_1_404' title='bbox 1070 3169 1195 3228; x_wconf 76' lang='lat' dir='ltr'><strong>adjoining</strong></span> <span class='ocrx_word' id='word_1_405' title='bbox 1207 3168 1300 3226; x_wconf 81' lang='lat' dir='ltr'><strong>Arnnii,</strong></span> <span class='ocrx_word' id='word_1_406' title='bbox 1312 3169 1355 3214; x_wconf 89' lang='lat' dir='ltr'><strong>bnt</strong></span> <span class='ocrx_word' id='word_1_407' title='bbox 1374 3169 1397 3213; x_wconf 93' lang='lat' dir='ltr'><strong>in</strong></span> <span class='ocrx_word' id='word_1_408' title='bbox 1410 3183 1425 3213; x_wconf 87' lang='lat' dir='ltr'><strong>n</strong></span> 
     </span>
     <span class='ocr_line' id='line_1_31' title="bbox 227 3248 1423 3310; baseline 0 -16"><span class='ocrx_word' id='word_1_409' title='bbox 227 3250 336 3297; x_wconf 75' lang='lat' dir='ltr'><strong>niterent</strong></span> <span class='ocrx_word' id='word_1_410' title='bbox 355 3250 473 3306; x_wconf 83' lang='lat' dir='ltr'><strong>hundred,</strong></span> <span class='ocrx_word' id='word_1_411' title='bbox 491 3248 543 3295; x_wconf 80' lang='lat' dir='ltr'><strong>tim</strong></span> <span class='ocrx_word' id='word_1_412' title='bbox 554 3250 580 3295; x_wconf 87' lang='lat' dir='ltr'><strong>oi</strong></span> <span class='ocrx_word' id='word_1_413' title='bbox 594 3250 754 3310; x_wconf 80' lang='lat' dir='ltr'><strong>Thurgerton,</strong></span> <span class='ocrx_word' id='word_1_414' title='bbox 772 3252 917 3310; x_wconf 86' lang='lat' dir='ltr'><strong>concerning</strong></span> <span class='ocrx_word' id='word_1_415' title='bbox 934 3250 1011 3297; x_wconf 84' lang='lat' dir='ltr'><strong>which</strong></span> <span class='ocrx_word' id='word_1_416' title='bbox 1028 3265 1063 3296; x_wconf 71' lang='lat' dir='ltr'><strong>u&#39;o</strong></span> <span class='ocrx_word' id='word_1_417' title='bbox 1083 3251 1142 3296; x_wconf 81' lang='lat' dir='ltr'><strong>bnne</strong></span> <span class='ocrx_word' id='word_1_418' title='bbox 1158 3250 1224 3296; x_wconf 81' lang='lat' dir='ltr'><strong>these</strong></span> <span class='ocrx_word' id='word_1_419' title='bbox 1239 3250 1333 3296; x_wconf 88' lang='lat' dir='ltr'><strong>entrios.</strong></span> <span class='ocrx_word' id='word_1_420' title='bbox 1369 3250 1423 3295; x_wconf 85' lang='lat' dir='ltr'><strong>“ln</strong></span> 
     </span>
     <span class='ocr_line' id='line_1_32' title="bbox 228 3331 1422 3393; baseline 0.001 -16"><span class='ocrx_word' id='word_1_421' title='bbox 228 3332 369 3393; x_wconf 85' lang='lat' dir='ltr'><strong>Wudeburg</strong></span> <span class='ocrx_word' id='word_1_422' title='bbox 379 3341 414 3379; x_wconf 79' lang='lat' dir='ltr'><strong>est</strong></span> <span class='ocrx_word' id='word_1_423' title='bbox 422 3347 470 3378; x_wconf 85' lang='lat' dir='ltr'><strong>nnn</strong></span> <span class='ocrx_word' id='word_1_424' title='bbox 482 3334 565 3378; x_wconf 81' lang='lat' dir='ltr'><strong>bovnto</strong></span> <span class='ocrx_word' id='word_1_425' title='bbox 576 3339 637 3379; x_wconf 76' lang='lat' dir='ltr'><strong>terre</strong></span> <span class='ocrx_word' id='word_1_426' title='bbox 647 3333 676 3378; x_wconf 89' lang='lat' dir='ltr'><strong>dc</strong></span> <span class='ocrx_word' id='word_1_427' title='bbox 688 3333 807 3379; x_wconf 89' lang='lat' dir='ltr'><strong>dominico</strong></span> <span class='ocrx_word' id='word_1_428' title='bbox 820 3333 928 3392; x_wconf 86' lang='lat' dir='ltr'><strong>Regisdo</strong></span> <span class='ocrx_word' id='word_1_429' title='bbox 940 3333 1040 3389; x_wconf 79' lang='lat' dir='ltr'><strong>Arnho1‚</strong></span> <span class='ocrx_word' id='word_1_430' title='bbox 1052 3347 1124 3392; x_wconf 80' lang='lat' dir='ltr'><strong>quem</strong></span> <span class='ocrx_word' id='word_1_431' title='bbox 1137 3331 1211 3392; x_wconf 83' lang='lat' dir='ltr'><strong>Hugo</strong></span> <span class='ocrx_word' id='word_1_432' title='bbox 1223 3331 1253 3377; x_wconf 86' lang='lat' dir='ltr'><strong>de</strong></span> <span class='ocrx_word' id='word_1_433' title='bbox 1265 3331 1344 3377; x_wconf 76' lang='lat' dir='ltr'><strong>Nes-iti</strong></span> <span class='ocrx_word' id='word_1_434' title='bbox 1356 3339 1422 3378; x_wconf 78' lang='lat' dir='ltr'><strong>tenet</strong></span> 
     </span>
     <span class='ocr_line' id='line_1_33' title="bbox 227 3413 1423 3474; baseline -0.001 -15"><span class='ocrx_word' id='word_1_435' title='bbox 227 3415 288 3460; x_wconf 77' lang='lat' dir='ltr'><strong>intre</strong></span> <span class='ocrx_word' id='word_1_436' title='bbox 303 3415 393 3460; x_wconf 83' lang='lat' dir='ltr'><strong>tirnrurn</strong></span> <span class='ocrx_word' id='word_1_437' title='bbox 406 3414 436 3460; x_wconf 86' lang='lat' dir='ltr'><strong>de</strong></span> <span class='ocrx_word' id='word_1_438' title='bbox 448 3414 539 3460; x_wconf 79' lang='lat' dir='ltr'><strong>Arnhet</strong></span> <span class='ocrx_word' id='word_1_439' title='bbox 552 3414 582 3460; x_wconf 88' lang='lat' dir='ltr'><strong>de</strong></span> <span class='ocrx_word' id='word_1_440' title='bbox 593 3415 656 3460; x_wconf 88' lang='lat' dir='ltr'><strong>dono</strong></span> <span class='ocrx_word' id='word_1_441' title='bbox 673 3414 763 3460; x_wconf 88' lang='lat' dir='ltr'><strong>domiui</strong></span> <span class='ocrx_word' id='word_1_442' title='bbox 780 3413 852 3474; x_wconf 77' lang='lat' dir='ltr'><strong>Regio</strong></span> <span class='ocrx_word' id='word_1_443' title='bbox 869 3413 995 3470; x_wconf 82' lang='lat' dir='ltr'><strong>Johennis,</strong></span> <span class='ocrx_word' id='word_1_444' title='bbox 1013 3414 1055 3473; x_wconf 90' lang='lat' dir='ltr'><strong>qui</strong></span> <span class='ocrx_word' id='word_1_445' title='bbox 1073 3414 1199 3473; x_wconf 76' lang='lat' dir='ltr'><strong>respondet</strong></span> <span class='ocrx_word' id='word_1_446' title='bbox 1211 3414 1241 3458; x_wconf 87' lang='lat' dir='ltr'><strong>de</strong></span> <span class='ocrx_word' id='word_1_447' title='bbox 1253 3414 1327 3458; x_wconf 78' lang='lat' dir='ltr'><strong>xxviii</strong></span> <span class='ocrx_word' id='word_1_448' title='bbox 1336 3427 1353 3458; x_wconf 81' lang='lat' dir='ltr'><strong>r.</strong></span> <span class='ocrx_word' id='word_1_449' title='bbox 1373 3429 1389 3458; x_wconf 82' lang='lat' dir='ltr'>x</span> <span class='ocrx_word' id='word_1_450' title='bbox 1398 3413 1423 3458; x_wconf 80' lang='lat' dir='ltr'><strong>d.</strong></span> 
     </span>
     <span class='ocr_line' id='line_1_34' title="bbox 226 3493 1423 3555; baseline -0.005 -13"><span class='ocrx_word' id='word_1_451' title='bbox 226 3496 255 3542; x_wconf 85' lang='lat' dir='ltr'><strong>ln</strong></span> <span class='ocrx_word' id='word_1_452' title='bbox 263 3497 343 3542; x_wconf 81' lang='lat' dir='ltr'><strong>Oxton</strong></span> <span class='ocrx_word' id='word_1_453' title='bbox 355 3503 389 3541; x_wconf 86' lang='lat' dir='ltr'><strong>est</strong></span> <span class='ocrx_word' id='word_1_454' title='bbox 401 3510 449 3541; x_wconf 82' lang='lat' dir='ltr'><strong>uun</strong></span> <span class='ocrx_word' id='word_1_455' title='bbox 461 3511 532 3555; x_wconf 68' lang='lat' dir='ltr'><strong>peren</strong></span> <span class='ocrx_word' id='word_1_456' title='bbox 540 3498 624 3542; x_wconf 78' lang='lat' dir='ltr'><strong>honntn</strong></span> <span class='ocrx_word' id='word_1_457' title='bbox 635 3503 704 3554; x_wconf 85' lang='lat' dir='ltr'><strong>terre,</strong></span> <span class='ocrx_word' id='word_1_458' title='bbox 713 3509 760 3555; x_wconf 90' lang='lat' dir='ltr'><strong>que</strong></span> <span class='ocrx_word' id='word_1_459' title='bbox 771 3495 861 3554; x_wconf 87' lang='lat' dir='ltr'><strong>pertieit</strong></span> <span class='ocrx_word' id='word_1_460' title='bbox 873 3496 937 3540; x_wconf 85' lang='lat' dir='ltr'><strong>iitem</strong></span> <span class='ocrx_word' id='word_1_461' title='bbox 950 3509 1063 3555; x_wconf 82' lang='lat' dir='ltr'><strong>magnum</strong></span> <span class='ocrx_word' id='word_1_462' title='bbox 1075 3496 1184 3541; x_wconf 69' lang='lat' dir='ltr'><strong>bovatam</strong></span> <span class='ocrx_word' id='word_1_463' title='bbox 1196 3494 1227 3538; x_wconf 90' lang='lat' dir='ltr'><strong>de</strong></span> <span class='ocrx_word' id='word_1_464' title='bbox 1235 3493 1386 3550; x_wconf 86' lang='lat' dir='ltr'><strong>Wudebnrg,</strong></span> <span class='ocrx_word' id='word_1_465' title='bbox 1399 3499 1423 3536; x_wconf 86' lang='lat' dir='ltr'><strong>et</strong></span> 
     </span>
     <span class='ocr_line' id='line_1_35' title="bbox 226 3573 1423 3634; baseline -0.005 -12"><span class='ocrx_word' id='word_1_466' title='bbox 226 3576 292 3622; x_wconf 87' lang='lat' dir='ltr'><strong>debit</strong></span> <span class='ocrx_word' id='word_1_467' title='bbox 310 3575 451 3634; x_wconf 68' lang='lat' dir='ltr'><strong>respondere</strong></span> <span class='ocrx_word' id='word_1_468' title='bbox 469 3575 500 3620; x_wconf 85' lang='lat' dir='ltr'><strong>ed</strong></span> <span class='ocrx_word' id='word_1_469' title='bbox 522 3573 655 3621; x_wconf 75' lang='lat' dir='ltr'><strong>licrnhel.&#39;&#39;</strong></span> <span class='ocrx_word' id='word_1_470' title='bbox 694 3574 774 3620; x_wconf 80' lang='lat' dir='ltr'><strong>Oxton</strong></span> <span class='ocrx_word' id='word_1_471' title='bbox 791 3576 809 3620; x_wconf 88' lang='lat' dir='ltr'><strong>is</strong></span> <span class='ocrx_word' id='word_1_472' title='bbox 826 3575 850 3619; x_wconf 93' lang='lat' dir='ltr'><strong>in</strong></span> <span class='ocrx_word' id='word_1_473' title='bbox 869 3575 909 3621; x_wconf 83' lang='lat' dir='ltr'><strong>the</strong></span> <span class='ocrx_word' id='word_1_474' title='bbox 924 3588 987 3620; x_wconf 83' lang='lat' dir='ltr'><strong>sumo</strong></span> <span class='ocrx_word' id='word_1_475' title='bbox 1004 3575 1123 3632; x_wconf 87' lang='lat' dir='ltr'><strong>hundred,</strong></span> <span class='ocrx_word' id='word_1_476' title='bbox 1142 3574 1190 3618; x_wconf 83' lang='lat' dir='ltr'><strong>end</strong></span> <span class='ocrx_word' id='word_1_477' title='bbox 1210 3573 1277 3618; x_wconf 84' lang='lat' dir='ltr'><strong>there</strong></span> <span class='ocrx_word' id='word_1_478' title='bbox 1296 3586 1356 3617; x_wconf 82' lang='lat' dir='ltr'><strong>were</strong></span> <span class='ocrx_word' id='word_1_479' title='bbox 1376 3580 1423 3618; x_wconf 80' lang='lat' dir='ltr'><strong>two</strong></span> 
     </span>
     <span class='ocr_line' id='line_1_36' title="bbox 225 3655 1423 3716; baseline -0.002 -14"><span class='ocrx_word' id='word_1_480' title='bbox 225 3660 320 3703; x_wconf 60' lang='lat' dir='ltr'><strong>irorata</strong></span> <span class='ocrx_word' id='word_1_481' title='bbox 337 3657 362 3701; x_wconf 94' lang='lat' dir='ltr'><strong>in</strong></span> <span class='ocrx_word' id='word_1_482' title='bbox 380 3656 487 3714; x_wconf 68' lang='lat' dir='ltr'><strong>Streiley,</strong></span> <span class='ocrx_word' id='word_1_483' title='bbox 502 3656 620 3714; x_wconf 76' lang='lat' dir='ltr'><strong>encientiy</strong></span> <span class='ocrx_word' id='word_1_484' title='bbox 632 3657 659 3702; x_wconf 86' lang='lat' dir='ltr'><strong>ot</strong></span> <span class='ocrx_word' id='word_1_485' title='bbox 673 3655 713 3701; x_wconf 77' lang='lat' dir='ltr'><strong>the</strong></span> <span class='ocrx_word' id='word_1_486' title='bbox 730 3656 786 3701; x_wconf 83' lang='lat' dir='ltr'><strong>seire</strong></span> <span class='ocrx_word' id='word_1_487' title='bbox 798 3656 824 3701; x_wconf 85' lang='lat' dir='ltr'><strong>oi</strong></span> <span class='ocrx_word' id='word_1_488' title='bbox 841 3656 934 3712; x_wconf 75' lang='lat' dir='ltr'><strong>Arnsii,</strong></span> <span class='ocrx_word' id='word_1_489' title='bbox 954 3657 1082 3716; x_wconf 78' lang='lat' dir='ltr'><strong>rendering</strong></span> <span class='ocrx_word' id='word_1_490' title='bbox 1100 3658 1125 3701; x_wconf 91' lang='lat' dir='ltr'><strong>iii</strong></span> <span class='ocrx_word' id='word_1_491' title='bbox 1133 3671 1162 3711; x_wconf 71' lang='lat' dir='ltr'><strong>r„</strong></span> <span class='ocrx_word' id='word_1_492' title='bbox 1181 3655 1229 3700; x_wconf 84' lang='lat' dir='ltr'><strong>und</strong></span> <span class='ocrx_word' id='word_1_493' title='bbox 1247 3655 1315 3699; x_wconf 87' lang='lat' dir='ltr'><strong>other</strong></span> <span class='ocrx_word' id='word_1_494' title='bbox 1334 3659 1381 3700; x_wconf 83' lang='lat' dir='ltr'><strong>two</strong></span> <span class='ocrx_word' id='word_1_495' title='bbox 1398 3655 1423 3700; x_wconf 92' lang='lat' dir='ltr'><strong>in</strong></span> 
     </span>
     <span class='ocr_line' id='line_1_37' title="bbox 229 3735 1426 3796; baseline -0.003 -10"><span class='ocrx_word' id='word_1_496' title='bbox 229 3740 340 3786; x_wconf 76' lang='lat' dir='ltr'><strong>Bsoxtow</strong></span> <span class='ocrx_word' id='word_1_497' title='bbox 359 3739 389 3796; x_wconf 83' lang='lat' dir='ltr'><strong>hy</strong></span> <span class='ocrx_word' id='word_1_498' title='bbox 400 3738 441 3784; x_wconf 87' lang='lat' dir='ltr'><strong>the</strong></span> <span class='ocrx_word' id='word_1_499' title='bbox 457 3751 520 3783; x_wconf 71' lang='lat' dir='ltr'><strong>nme</strong></span> <span class='ocrx_word' id='word_1_500' title='bbox 535 3739 622 3784; x_wconf 72' lang='lat' dir='ltr'><strong>service</strong></span> <span class='ocrx_word' id='word_1_501' title='bbox 637 3739 662 3783; x_wconf 86' lang='lat' dir='ltr'><strong>oi</strong></span> <span class='ocrx_word' id='word_1_502' title='bbox 677 3738 717 3784; x_wconf 88' lang='lat' dir='ltr'><strong>the</strong></span> <span class='ocrx_word' id='word_1_503' title='bbox 728 3752 791 3783; x_wconf 82' lang='lat' dir='ltr'><strong>seme</strong></span> <span class='ocrx_word' id='word_1_504' title='bbox 802 3737 867 3795; x_wconf 82' lang='lat' dir='ltr'><strong>roho,</strong></span> <span class='ocrx_word' id='word_1_505' title='bbox 883 3738 930 3783; x_wconf 88' lang='lat' dir='ltr'><strong>nnd</strong></span> <span class='ocrx_word' id='word_1_506' title='bbox 943 3752 988 3784; x_wconf 88' lang='lat' dir='ltr'><strong>ono</strong></span> <span class='ocrx_word' id='word_1_507' title='bbox 999 3739 1082 3783; x_wconf 80' lang='lat' dir='ltr'><strong>bonne</strong></span> <span class='ocrx_word' id='word_1_508' title='bbox 1094 3739 1117 3783; x_wconf 90' lang='lat' dir='ltr'><strong>in</strong></span> <span class='ocrx_word' id='word_1_509' title='bbox 1132 3735 1286 3795; x_wconf 79' lang='lat' dir='ltr'><strong>bitbnrongb,</strong></span> <span class='ocrx_word' id='word_1_510' title='bbox 1298 3736 1426 3795; x_wconf 86' lang='lat' dir='ltr'><strong>rendering</strong></span> 
     </span>
     <span class='ocr_line' id='line_1_38' title="bbox 226 3818 1422 3880; baseline -0.003 -14"><span class='ocrx_word' id='word_1_511' title='bbox 226 3821 288 3868; x_wconf 82' lang='lat' dir='ltr'><strong>riid.</strong></span> <span class='ocrx_word' id='word_1_512' title='bbox 300 3827 324 3867; x_wconf 88' lang='lat' dir='ltr'><strong>to</strong></span> <span class='ocrx_word' id='word_1_513' title='bbox 336 3820 376 3865; x_wconf 87' lang='lat' dir='ltr'><strong>the</strong></span> <span class='ocrx_word' id='word_1_514' title='bbox 387 3819 443 3864; x_wconf 84' lang='lat' dir='ltr'><strong>sohe</strong></span> <span class='ocrx_word' id='word_1_515' title='bbox 454 3820 480 3865; x_wconf 87' lang='lat' dir='ltr'><strong>oi</strong></span> <span class='ocrx_word' id='word_1_516' title='bbox 489 3818 582 3866; x_wconf 77' lang='lat' dir='ltr'><strong>hrnnli.</strong></span> <span class='ocrx_word' id='word_1_517' title='bbox 617 3819 716 3878; x_wconf 80' lang='lat' dir='ltr'><strong>Streliey</strong></span> <span class='ocrx_word' id='word_1_518' title='bbox 734 3820 782 3864; x_wconf 76' lang='lat' dir='ltr'><strong>end</strong></span> <span class='ocrx_word' id='word_1_519' title='bbox 800 3819 946 3880; x_wconf 87' lang='lat' dir='ltr'><strong>Biiborough</strong></span> <span class='ocrx_word' id='word_1_520' title='bbox 964 3833 1004 3864; x_wconf 86' lang='lat' dir='ltr'><strong>ere</strong></span> <span class='ocrx_word' id='word_1_521' title='bbox 1023 3819 1133 3878; x_wconf 68' lang='lat' dir='ltr'><strong>perimes,</strong></span> <span class='ocrx_word' id='word_1_522' title='bbox 1152 3820 1195 3864; x_wconf 89' lang='lat' dir='ltr'><strong>but</strong></span> <span class='ocrx_word' id='word_1_523' title='bbox 1212 3818 1332 3876; x_wconf 76' lang='lat' dir='ltr'><strong>Bronton,</strong></span> <span class='ocrx_word' id='word_1_524' title='bbox 1344 3818 1422 3864; x_wconf 79' lang='lat' dir='ltr'><strong>nbieh</strong></span> 
     </span>
     <span class='ocr_line' id='line_1_39' title="bbox 225 3900 1424 3965; baseline -0.003 -16"><span class='ocrx_word' id='word_1_525' title='bbox 225 3917 283 3965; x_wconf 77' lang='lat' dir='ltr'><strong>gere</strong></span> <span class='ocrx_word' id='word_1_526' title='bbox 295 3916 364 3947; x_wconf 85' lang='lat' dir='ltr'><strong>nome</strong></span> <span class='ocrx_word' id='word_1_527' title='bbox 375 3909 400 3947; x_wconf 86' lang='lat' dir='ltr'><strong>to</strong></span> <span class='ocrx_word' id='word_1_528' title='bbox 412 3902 452 3948; x_wconf 85' lang='lat' dir='ltr'><strong>the</strong></span> <span class='ocrx_word' id='word_1_529' title='bbox 464 3902 583 3958; x_wconf 87' lang='lat' dir='ltr'><strong>hundred,</strong></span> <span class='ocrx_word' id='word_1_530' title='bbox 595 3916 642 3946; x_wconf 79' lang='lat' dir='ltr'><strong>nne</strong></span> <span class='ocrx_word' id='word_1_531' title='bbox 653 3902 708 3960; x_wconf 75' lang='lat' dir='ltr'><strong>oniy</strong></span> <span class='ocrx_word' id='word_1_532' title='bbox 719 3916 733 3946; x_wconf 79' lang='lat' dir='ltr'><strong>e</strong></span> <span class='ocrx_word' id='word_1_533' title='bbox 745 3900 853 3962; x_wconf 74' lang='lat' dir='ltr'><strong>chapelry</strong></span> <span class='ocrx_word' id='word_1_534' title='bbox 867 3902 890 3946; x_wconf 93' lang='lat' dir='ltr'><strong>in</strong></span> <span class='ocrx_word' id='word_1_535' title='bbox 903 3902 943 3947; x_wconf 87' lang='lat' dir='ltr'><strong>the</strong></span> <span class='ocrx_word' id='word_1_536' title='bbox 955 3902 1095 3947; x_wconf 73' lang='lat' dir='ltr'><strong>int-nnnred</strong></span> <span class='ocrx_word' id='word_1_537' title='bbox 1113 3901 1198 3961; x_wconf 85' lang='lat' dir='ltr'><strong>perieh.</strong></span> <span class='ocrx_word' id='word_1_538' title='bbox 1231 3900 1282 3947; x_wconf 86' lang='lat' dir='ltr'><strong>The</strong></span> <span class='ocrx_word' id='word_1_539' title='bbox 1298 3907 1424 3948; x_wconf 74' lang='lat' dir='ltr'><strong>statement</strong></span> 
     </span>
     <span class='ocr_line' id='line_1_40' title="bbox 225 3983 1422 4044; baseline -0.003 -12"><span class='ocrx_word' id='word_1_540' title='bbox 225 3986 252 4032; x_wconf 81' lang='lat' dir='ltr'><strong>oi</strong></span> <span class='ocrx_word' id='word_1_541' title='bbox 260 3985 379 4031; x_wconf 75' lang='lat' dir='ltr'><strong>Thoroton</strong></span> <span class='ocrx_word' id='word_1_542' title='bbox 397 3984 448 4030; x_wconf 82' lang='lat' dir='ltr'><strong>thet</strong></span> <span class='ocrx_word' id='word_1_543' title='bbox 468 3983 543 4044; x_wconf 82' lang='lat' dir='ltr'><strong>ilugh</strong></span> <span class='ocrx_word' id='word_1_544' title='bbox 554 3985 585 4031; x_wconf 88' lang='lat' dir='ltr'><strong>de</strong></span> <span class='ocrx_word' id='word_1_545' title='bbox 598 3984 675 4031; x_wconf 75' lang='lat' dir='ltr'><strong>Ncrili</strong></span> <span class='ocrx_word' id='word_1_546' title='bbox 693 3983 748 4030; x_wconf 89' lang='lat' dir='ltr'><strong>heid</strong></span> <span class='ocrx_word' id='word_1_547' title='bbox 762 3998 777 4029; x_wconf 83' lang='lat' dir='ltr'><strong>s</strong></span> <span class='ocrx_word' id='word_1_548' title='bbox 794 3984 874 4030; x_wconf 84' lang='lat' dir='ltr'><strong>tonrtir</strong></span> <span class='ocrx_word' id='word_1_549' title='bbox 892 3992 944 4044; x_wconf 78' lang='lat' dir='ltr'><strong>part</strong></span> <span class='ocrx_word' id='word_1_550' title='bbox 959 3984 986 4030; x_wconf 82' lang='lat' dir='ltr'><strong>oi</strong></span> <span class='ocrx_word' id='word_1_551' title='bbox 999 3999 1012 4028; x_wconf 89' lang='lat' dir='ltr'><strong>n</strong></span> <span class='ocrx_word' id='word_1_552' title='bbox 1027 3983 1132 4044; x_wconf 76' lang='lat' dir='ltr'><strong>knight&#39;s</strong></span> <span class='ocrx_word' id='word_1_553' title='bbox 1151 3983 1186 4030; x_wconf 77' lang='lat' dir='ltr'><strong>sec</strong></span> <span class='ocrx_word' id='word_1_554' title='bbox 1202 3984 1226 4030; x_wconf 91' lang='lat' dir='ltr'><strong>in</strong></span> <span class='ocrx_word' id='word_1_555' title='bbox 1239 3984 1331 4041; x_wconf 82' lang='lat' dir='ltr'><strong>Arnnli,</strong></span> <span class='ocrx_word' id='word_1_556' title='bbox 1344 3984 1422 4029; x_wconf 82' lang='lat' dir='ltr'><strong>which</strong></span> 
     </span>
    </p>
   </div>
   <div class='ocr_carea' id='block_1_4' title="bbox 227 4064 1424 4218">
    <p class='ocr_par' dir='ltr' id='par_1_4' title="bbox 227 4064 1424 4218">
     <span class='ocr_line' id='line_1_41' title="bbox 227 4064 1424 4129; baseline -0.001 -17"><span class='ocrx_word' id='word_1_557' title='bbox 227 4065 301 4126; x_wconf 82' lang='lat' dir='ltr'><strong>llugh</strong></span> <span class='ocrx_word' id='word_1_558' title='bbox 313 4067 343 4112; x_wconf 86' lang='lat' dir='ltr'><strong>de</strong></span> <span class='ocrx_word' id='word_1_559' title='bbox 354 4066 439 4125; x_wconf 76' lang='lat' dir='ltr'><strong>Neviii,</strong></span> <span class='ocrx_word' id='word_1_560' title='bbox 450 4067 487 4112; x_wconf 87' lang='lat' dir='ltr'><strong>his</strong></span> <span class='ocrx_word' id='word_1_561' title='bbox 499 4067 581 4129; x_wconf 77' lang='lat' dir='ltr'><strong>nitier,</strong></span> <span class='ocrx_word' id='word_1_562' title='bbox 594 4067 658 4125; x_wconf 87' lang='lat' dir='ltr'><strong>held,</strong></span> <span class='ocrx_word' id='word_1_563' title='bbox 671 4067 746 4127; x_wconf 86' lang='lat' dir='ltr'><strong>citing</strong></span> <span class='ocrx_word' id='word_1_564' title='bbox 754 4066 824 4114; x_wconf 71' lang='lat' dir='ltr'><strong>Testa</strong></span> <span class='ocrx_word' id='word_1_565' title='bbox 835 4067 865 4113; x_wconf 88' lang='lat' dir='ltr'><strong>do</strong></span> <span class='ocrx_word' id='word_1_566' title='bbox 877 4067 964 4129; x_wconf 63' lang='lat' dir='ltr'><strong>xciiii,</strong></span> <span class='ocrx_word' id='word_1_567' title='bbox 976 4068 995 4114; x_wconf 85' lang='lat' dir='ltr'><strong>is</strong></span> <span class='ocrx_word' id='word_1_568' title='bbox 1007 4066 1093 4129; x_wconf 75' lang='lat' dir='ltr'><strong>utterly</strong></span> <span class='ocrx_word' id='word_1_569' title='bbox 1105 4066 1169 4128; x_wconf 73' lang='lat' dir='ltr'><strong>fehe,</strong></span> <span class='ocrx_word' id='word_1_570' title='bbox 1180 4082 1205 4116; x_wconf 77' lang='lat' dir='ltr'><strong>ae</strong></span> <span class='ocrx_word' id='word_1_571' title='bbox 1216 4068 1282 4117; x_wconf 82' lang='lat' dir='ltr'><strong>there</strong></span> <span class='ocrx_word' id='word_1_572' title='bbox 1294 4069 1313 4114; x_wconf 80' lang='lat' dir='ltr'><strong>ie</strong></span> <span class='ocrx_word' id='word_1_573' title='bbox 1325 4082 1356 4115; x_wconf 91' lang='lat' dir='ltr'><strong>no</strong></span> <span class='ocrx_word' id='word_1_574' title='bbox 1364 4064 1424 4112; x_wconf 83' lang='lat' dir='ltr'><strong>such</strong></span> 
     </span>
     <span class='ocr_line' id='line_1_42' title="bbox 269 4152 843 4218; baseline -0.002 -6"><span class='ocrx_word' id='word_1_575' title='bbox 269 4168 382 4218; x_wconf 80' lang='lat' dir='ltr'><strong>cnun.</strong></span> <span class='ocrx_word' id='word_1_576' title='bbox 399 4168 472 4218; x_wconf 78' lang='lat' dir='ltr'><strong>soc.</strong></span> <span class='ocrx_word' id='word_1_577' title='bbox 824 4152 843 4211; x_wconf 81' lang='lat' dir='ltr'><em>k</em></span> 
     </span>
    </p>
   </div>
   <div class='ocr_carea' id='block_1_5' title="bbox 0 0 1774 4830">
    <p class='ocr_par' dir='ltr' id='par_1_5' title="bbox 0 0 1774 4830">
     <span class='ocr_line' id='line_1_43' title="bbox 0 0 1774 4830; baseline 0 5"><span class='ocrx_word' id='word_1_578' title='bbox 0 0 1774 4830; x_wconf 95' lang='lat' dir='ltr'><strong> </strong></span> 
     </span>
    </p>
   </div>
  </div>
 </body>
</html>
