<?xml version="1.0" encoding="UTF-8"?>
<!DOCTYPE html PUBLIC "-//W3C//DTD XHTML 1.0 Transitional//EN"
    "http://www.w3.org/TR/xhtml1/DTD/xhtml1-transitional.dtd">
<html xmlns="http://www.w3.org/1999/xhtml" xml:lang="en" lang="en">
 <head>
  <title>
</title>
<meta http-equiv="Content-Type" content="text/html;charset=utf-8" />
  <meta name='ocr-system' content='tesseract 3.04.00' />
  <meta name='ocr-capabilities' content='ocr_page ocr_carea ocr_par ocr_line ocrx_word'/>
</head>
<body>
  <div class='ocr_page' id='page_1' title='image "./deantiquislegib01fitzgoog_0308.png"; bbox 0 0 3540 4830; ppageno 0'>
   <div class='ocr_carea' id='block_1_1' title="bbox 497 493 1353 552">
    <p class='ocr_par' dir='ltr' id='par_1_1' title="bbox 497 493 1353 552">
     <span class='ocr_line' id='line_1_1' title="bbox 497 493 1353 552; baseline -0.002 -3"><span class='ocrx_word' id='word_1_1' title='bbox 497 506 752 552; x_wconf 80' lang='lat' dir='ltr'>vrcscourrusr</span> <span class='ocrx_word' id='word_1_2' title='bbox 780 506 1065 549; x_wconf 74' lang='lat' dir='ltr'>aoxaoxrxnuu.</span> <span class='ocrx_word' id='word_1_3' title='bbox 1312 493 1353 548; x_wconf 81' lang='lat'>35</span> 
     </span>
    </p>
   </div>
   <div class='ocr_carea' id='block_1_2' title="bbox 197 655 1355 3397">
    <p class='ocr_par' dir='ltr' id='par_1_2' title="bbox 197 655 1355 3397">
     <span class='ocr_line' id='line_1_2' title="bbox 204 655 1354 741; baseline -0.006 -16"><span class='ocrx_word' id='word_1_4' title='bbox 204 661 374 725; x_wconf 90' lang='lat' dir='ltr'>consilium</span> <span class='ocrx_word' id='word_1_5' title='bbox 404 659 532 722; x_wconf 89' lang='lat' dir='ltr'>illorum</span> <span class='ocrx_word' id='word_1_6' title='bbox 559 659 682 722; x_wconf 84' lang='lat' dir='ltr'>Civitas</span> <span class='ocrx_word' id='word_1_7' title='bbox 708 656 806 722; x_wconf 90' lang='lat' dir='ltr'>fuerit</span> <span class='ocrx_word' id='word_1_8' title='bbox 830 667 960 740; x_wconf 82' lang='lat' dir='ltr'>gravata</span> <span class='ocrx_word' id='word_1_9' title='bbox 985 656 1018 719; x_wconf 92' lang='lat' dir='ltr'>in</span> <span class='ocrx_word' id='word_1_10' title='bbox 1045 655 1180 741; x_wconf 88' lang='lat' dir='ltr'>tallagiis</span> <span class='ocrx_word' id='word_1_11' title='bbox 1207 656 1259 719; x_wconf 88' lang='lat' dir='ltr'>vel</span> <span class='ocrx_word' id='word_1_12' title='bbox 1285 656 1354 719; x_wconf 91' lang='lat' dir='ltr'>aliis</span> 
     </span>
     <span class='ocr_line' id='line_1_3' title="bbox 205 758 1353 839; baseline -0.003 -13"><span class='ocrx_word' id='word_1_13' title='bbox 205 763 313 839; x_wconf 91' lang='lat' dir='ltr'>rebus,</span> <span class='ocrx_word' id='word_1_14' title='bbox 328 763 390 824; x_wconf 92' lang='lat' dir='ltr'>hoc</span> <span class='ocrx_word' id='word_1_15' title='bbox 406 761 584 823; x_wconf 89' lang='lat' dir='ltr'>defendunt</span> <span class='ocrx_word' id='word_1_16' title='bbox 600 773 632 824; x_wconf 91' lang='lat' dir='ltr'>et</span> <span class='ocrx_word' id='word_1_17' title='bbox 648 760 763 822; x_wconf 90' lang='lat' dir='ltr'>volunt</span> <span class='ocrx_word' id='word_1_18' title='bbox 778 759 959 835; x_wconf 78' lang='lat' dir='ltr'><strong>defendere,</strong></span> <span class='ocrx_word' id='word_1_19' title='bbox 982 770 1015 821; x_wconf 91' lang='lat' dir='ltr'>et</span> <span class='ocrx_word' id='word_1_20' title='bbox 1037 782 1133 822; x_wconf 87' lang='lat' dir='ltr'>omne</span> <span class='ocrx_word' id='word_1_21' title='bbox 1149 758 1353 822; x_wconf 81' lang='lat' dir='ltr'>malefactum</span> 
     </span>
     <span class='ocr_line' id='line_1_4' title="bbox 207 861 1355 948; baseline -0.003 -20"><span class='ocrx_word' id='word_1_22' title='bbox 207 866 252 928; x_wconf 91' lang='lat' dir='ltr'>eis</span> <span class='ocrx_word' id='word_1_23' title='bbox 269 865 468 948; x_wconf 86' lang='lat' dir='ltr'>impositum,</span> <span class='ocrx_word' id='word_1_24' title='bbox 485 862 663 925; x_wconf 90' lang='lat' dir='ltr'>secundum</span> <span class='ocrx_word' id='word_1_25' title='bbox 676 862 761 944; x_wconf 90' lang='lat' dir='ltr'>leges</span> <span class='ocrx_word' id='word_1_26' title='bbox 773 873 807 924; x_wconf 90' lang='lat' dir='ltr'>et</span> <span class='ocrx_word' id='word_1_27' title='bbox 822 863 1072 925; x_wconf 88' lang='lat' dir='ltr'>consuetudines</span> <span class='ocrx_word' id='word_1_28' title='bbox 1083 861 1265 925; x_wconf 88' lang='lat' dir='ltr'>Civitatis.’&#39;</span> <span class='ocrx_word' id='word_1_29' title='bbox 1310 862 1355 924; x_wconf 88' lang='lat' dir='ltr'>Et</span> 
     </span>
     <span class='ocr_line' id='line_1_5' title="bbox 206 963 1354 1050; baseline -0.001 -22"><span class='ocrx_word' id='word_1_30' title='bbox 206 968 366 1050; x_wconf 89' lang='lat' dir='ltr'>quesitum</span> <span class='ocrx_word' id='word_1_31' title='bbox 380 967 440 1027; x_wconf 87' lang='lat' dir='ltr'>fuit</span> <span class='ocrx_word' id='word_1_32' title='bbox 455 988 473 1027; x_wconf 94' lang='lat' dir='ltr'>a</span> <span class='ocrx_word' id='word_1_33' title='bbox 489 965 602 1028; x_wconf 90' lang='lat' dir='ltr'>ceteris</span> <span class='ocrx_word' id='word_1_34' title='bbox 619 964 858 1040; x_wconf 81' lang='lat' dir='ltr'>Aldermannis,</span> <span class='ocrx_word' id='word_1_35' title='bbox 876 964 978 1047; x_wconf 88' lang='lat' dir='ltr'>qualis</span> <span class='ocrx_word' id='word_1_36' title='bbox 990 964 1051 1026; x_wconf 90' lang='lat' dir='ltr'>fuit</span> <span class='ocrx_word' id='word_1_37' title='bbox 1066 963 1268 1026; x_wconf 81' lang='lat' dir='ltr'><strong>consuetudo</strong></span> <span class='ocrx_word' id='word_1_38' title='bbox 1284 963 1354 1027; x_wconf 89' lang='lat' dir='ltr'>illo·</span> 
     </span>
     <span class='ocr_line' id='line_1_6' title="bbox 205 1065 1353 1151; baseline -0.003 -19"><span class='ocrx_word' id='word_1_39' title='bbox 205 1092 278 1132; x_wconf 89' lang='lat' dir='ltr'>rum</span> <span class='ocrx_word' id='word_1_40' title='bbox 294 1070 326 1132; x_wconf 91' lang='lat' dir='ltr'>in</span> <span class='ocrx_word' id='word_1_41' title='bbox 343 1069 404 1131; x_wconf 93' lang='lat' dir='ltr'>hoc</span> <span class='ocrx_word' id='word_1_42' title='bbox 420 1090 516 1144; x_wconf 87' lang='lat' dir='ltr'>casu;</span> <span class='ocrx_word' id='word_1_43' title='bbox 541 1068 607 1151; x_wconf 93' lang='lat' dir='ltr'>qui,</span> <span class='ocrx_word' id='word_1_44' title='bbox 633 1065 744 1128; x_wconf 89' lang='lat' dir='ltr'>habito</span> <span class='ocrx_word' id='word_1_45' title='bbox 768 1066 913 1141; x_wconf 89' lang='lat' dir='ltr'>consilio,</span> <span class='ocrx_word' id='word_1_46' title='bbox 935 1065 1101 1129; x_wconf 89' lang='lat' dir='ltr'>venientes</span> <span class='ocrx_word' id='word_1_47' title='bbox 1124 1087 1231 1127; x_wconf 87' lang='lat' dir='ltr'>coram</span> <span class='ocrx_word' id='word_1_48' title='bbox 1256 1066 1353 1148; x_wconf 84' lang='lat' dir='ltr'>Rege,</span> 
     </span>
     <span class='ocr_line' id='line_1_7' title="bbox 207 1168 1352 1252; baseline -0.001 -21"><span class='ocrx_word' id='word_1_49' title='bbox 207 1170 357 1233; x_wconf 90' lang='lat' dir='ltr'>dixerunt</span> <span class='ocrx_word' id='word_1_50' title='bbox 373 1170 457 1231; x_wconf 90' lang='lat' dir='ltr'>sicut</span> <span class='ocrx_word' id='word_1_51' title='bbox 472 1168 592 1231; x_wconf 90' lang='lat' dir='ltr'>dietum</span> <span class='ocrx_word' id='word_1_52' title='bbox 610 1179 678 1231; x_wconf 87' lang='lat' dir='ltr'>erat</span> <span class='ocrx_word' id='word_1_53' title='bbox 694 1168 744 1230; x_wconf 93' lang='lat' dir='ltr'>die</span> <span class='ocrx_word' id='word_1_54' title='bbox 762 1168 956 1251; x_wconf 84' lang='lat' dir='ltr'>precedenti,</span> <span class='ocrx_word' id='word_1_55' title='bbox 969 1168 1099 1243; x_wconf 91' lang='lat' dir='ltr'>scilicet,</span> <span class='ocrx_word' id='word_1_56' title='bbox 1129 1169 1241 1252; x_wconf 92' lang='lat' dir='ltr'>“quod</span> <span class='ocrx_word' id='word_1_57' title='bbox 1256 1168 1352 1233; x_wconf 90' lang='lat' dir='ltr'>Cives</span> 
     </span>
     <span class='ocr_line' id='line_1_8' title="bbox 206 1270 1353 1355; baseline 0 -21"><span class='ocrx_word' id='word_1_58' title='bbox 206 1272 447 1335; x_wconf 88' lang='lat' dir='ltr'>Londoniarum</span> <span class='ocrx_word' id='word_1_59' title='bbox 465 1270 584 1334; x_wconf 91' lang='lat' dir='ltr'>debent</span> <span class='ocrx_word' id='word_1_60' title='bbox 600 1292 634 1333; x_wconf 88' lang='lat' dir='ltr'>se</span> <span class='ocrx_word' id='word_1_61' title='bbox 650 1271 820 1333; x_wconf 83' lang='lat' dir='ltr'>defendere</span> <span class='ocrx_word' id='word_1_62' title='bbox 836 1292 947 1333; x_wconf 88' lang='lat' dir='ltr'>versus</span> <span class='ocrx_word' id='word_1_63' title='bbox 970 1271 1090 1353; x_wconf 85' lang='lat' dir='ltr'>Regem</span> <span class='ocrx_word' id='word_1_64' title='bbox 1114 1270 1154 1334; x_wconf 90' lang='lat' dir='ltr'>de</span> <span class='ocrx_word' id='word_1_65' title='bbox 1177 1282 1353 1355; x_wconf 89' lang='lat' dir='ltr'>transgres-</span> 
     </span>
     <span class='ocr_line' id='line_1_9' title="bbox 205 1372 1354 1458; baseline 0 -22"><span class='ocrx_word' id='word_1_66' title='bbox 205 1374 295 1438; x_wconf 84' lang='lat' dir='ltr'>sione</span> <span class='ocrx_word' id='word_1_67' title='bbox 311 1396 368 1458; x_wconf 91' lang='lat' dir='ltr'>per</span> <span class='ocrx_word' id='word_1_68' title='bbox 394 1374 564 1436; x_wconf 82' lang='lat' dir='ltr'>duodecim</span> <span class='ocrx_word' id='word_1_69' title='bbox 581 1373 667 1435; x_wconf 87' lang='lat' dir='ltr'>viros</span> <span class='ocrx_word' id='word_1_70' title='bbox 679 1374 804 1456; x_wconf 88' lang='lat' dir='ltr'>juratos</span> <span class='ocrx_word' id='word_1_71' title='bbox 820 1373 860 1437; x_wconf 92' lang='lat' dir='ltr'>de</span> <span class='ocrx_word' id='word_1_72' title='bbox 877 1372 1028 1449; x_wconf 89' lang='lat' dir='ltr'>Civitate,</span> <span class='ocrx_word' id='word_1_73' title='bbox 1043 1385 1076 1435; x_wconf 89' lang='lat' dir='ltr'>et</span> <span class='ocrx_word' id='word_1_74' title='bbox 1099 1374 1185 1456; x_wconf 92' lang='lat' dir='ltr'>quod</span> <span class='ocrx_word' id='word_1_75' title='bbox 1208 1373 1280 1435; x_wconf 92' lang='lat' dir='ltr'>talis</span> <span class='ocrx_word' id='word_1_76' title='bbox 1303 1386 1354 1436; x_wconf 89' lang='lat' dir='ltr'>est</span> 
     </span>
     <span class='ocr_line' id='line_1_10' title="bbox 205 1474 1353 1560; baseline 0 -21"><span class='ocrx_word' id='word_1_77' title='bbox 205 1476 405 1539; x_wconf 88' lang='lat' dir='ltr'>consuetudo</span> <span class='ocrx_word' id='word_1_78' title='bbox 421 1474 583 1537; x_wconf 86' lang='lat' dir='ltr'>illorum.&#39;&#39;</span> <span class='ocrx_word' id='word_1_79' title='bbox 628 1474 692 1536; x_wconf 89' lang='lat' dir='ltr'>Sed</span> <span class='ocrx_word' id='word_1_80' title='bbox 710 1475 790 1549; x_wconf 84' lang='lat' dir='ltr'>Rex,</span> <span class='ocrx_word' id='word_1_81' title='bbox 806 1475 846 1537; x_wconf 90' lang='lat' dir='ltr'>de</span> <span class='ocrx_word' id='word_1_82' title='bbox 862 1476 924 1537; x_wconf 92' lang='lat' dir='ltr'>boc</span> <span class='ocrx_word' id='word_1_83' title='bbox 934 1497 999 1536; x_wconf 91' lang='lat' dir='ltr'>non</span> <span class='ocrx_word' id='word_1_84' title='bbox 1013 1485 1195 1551; x_wconf 86' lang='lat' dir='ltr'>contentus,</span> <span class='ocrx_word' id='word_1_85' title='bbox 1208 1477 1353 1560; x_wconf 84' lang='lat' dir='ltr'>precepit</span> 
     </span>
     <span class='ocr_line' id='line_1_11' title="bbox 204 1576 1352 1652; baseline 0.003 -14"><span class='ocrx_word' id='word_1_86' title='bbox 204 1577 469 1652; x_wconf 74' lang='lat' dir='ltr'>vicecomitibus,</span> <span class='ocrx_word' id='word_1_87' title='bbox 484 1589 521 1638; x_wconf 92' lang='lat' dir='ltr'>ut</span> <span class='ocrx_word' id='word_1_88' title='bbox 533 1577 565 1638; x_wconf 91' lang='lat' dir='ltr'>in</span> <span class='ocrx_word' id='word_1_89' title='bbox 582 1576 721 1638; x_wconf 91' lang='lat' dir='ltr'>crastino</span> <span class='ocrx_word' id='word_1_90' title='bbox 738 1576 890 1639; x_wconf 84' lang='lat' dir='ltr'>fecissent</span> <span class='ocrx_word' id='word_1_91' title='bbox 902 1578 1073 1640; x_wconf 90' lang='lat' dir='ltr'>convenire</span> <span class='ocrx_word' id='word_1_92' title='bbox 1091 1576 1296 1640; x_wconf 85' lang='lat' dir='ltr'>Folkesmote</span> <span class='ocrx_word' id='word_1_93' title='bbox 1312 1579 1352 1641; x_wconf 95' lang='lat' dir='ltr'>ad</span> 
     </span>
     <span class='ocr_line' id='line_1_12' title="bbox 204 1677 1353 1754; baseline -0.002 -11"><span class='ocrx_word' id='word_1_94' title='bbox 204 1701 331 1743; x_wconf 86' lang='lat' dir='ltr'>crucem</span> <span class='ocrx_word' id='word_1_95' title='bbox 345 1679 454 1743; x_wconf 80' lang='lat' dir='ltr'>Sancti</span> <span class='ocrx_word' id='word_1_96' title='bbox 469 1679 570 1754; x_wconf 91' lang='lat' dir='ltr'>Pauli,</span> <span class='ocrx_word' id='word_1_97' title='bbox 583 1677 638 1740; x_wconf 91' lang='lat' dir='ltr'>ubi</span> <span class='ocrx_word' id='word_1_98' title='bbox 652 1678 809 1741; x_wconf 85' lang='lat' dir='ltr'>missurus</span> <span class='ocrx_word' id='word_1_99' title='bbox 821 1690 888 1742; x_wconf 89' lang='lat' dir='ltr'>erat</span> <span class='ocrx_word' id='word_1_100' title='bbox 900 1679 921 1742; x_wconf 90' lang='lat' dir='ltr'>J</span> <span class='ocrx_word' id='word_1_101' title='bbox 924 1679 1067 1742; x_wconf 87' lang='lat' dir='ltr'>ohannes</span> <span class='ocrx_word' id='word_1_102' title='bbox 1081 1678 1242 1754; x_wconf 84' lang='lat' dir='ltr'>Maunsel‚</span> <span class='ocrx_word' id='word_1_103' title='bbox 1252 1690 1285 1741; x_wconf 87' lang='lat' dir='ltr'>et</span> <span class='ocrx_word' id='word_1_104' title='bbox 1299 1680 1353 1741; x_wconf 89' lang='lat' dir='ltr'>alii</span> 
     </span>
     <span class='ocr_line' id='line_1_13' title="bbox 204 1780 1353 1864; baseline 0.002 -20"><span class='ocrx_word' id='word_1_105' title='bbox 204 1782 243 1844; x_wconf 93' lang='lat' dir='ltr'>de</span> <span class='ocrx_word' id='word_1_106' title='bbox 255 1781 389 1844; x_wconf 92' lang='lat' dir='ltr'>consilio</span> <span class='ocrx_word' id='word_1_107' title='bbox 406 1801 464 1841; x_wconf 95' lang='lat' dir='ltr'>suo</span> <span class='ocrx_word' id='word_1_108' title='bbox 476 1780 515 1841; x_wconf 93' lang='lat' dir='ltr'>ad</span> <span class='ocrx_word' id='word_1_109' title='bbox 529 1780 755 1864; x_wconf 90' lang='lat' dir='ltr'>inquirendum</span> <span class='ocrx_word' id='word_1_110' title='bbox 766 1804 785 1843; x_wconf 93' lang='lat' dir='ltr'>a</span> <span class='ocrx_word' id='word_1_111' title='bbox 795 1781 988 1857; x_wconf 90' lang='lat' dir='ltr'>Communa‚</span> <span class='ocrx_word' id='word_1_112' title='bbox 1000 1781 1026 1843; x_wconf 92' lang='lat' dir='ltr'>si</span> <span class='ocrx_word' id='word_1_113' title='bbox 1037 1781 1110 1844; x_wconf 89' lang='lat' dir='ltr'>talis</span> <span class='ocrx_word' id='word_1_114' title='bbox 1120 1792 1207 1845; x_wconf 87' lang='lat' dir='ltr'>esset</span> <span class='ocrx_word' id='word_1_115' title='bbox 1217 1803 1353 1846; x_wconf 88' lang='lat' dir='ltr'>consue·</span> 
     </span>
     <span class='ocr_line' id='line_1_14' title="bbox 203 1882 1353 1962; baseline 0.003 -17"><span class='ocrx_word' id='word_1_116' title='bbox 203 1883 283 1946; x_wconf 91' lang='lat' dir='ltr'>tudo</span> <span class='ocrx_word' id='word_1_117' title='bbox 305 1883 443 1944; x_wconf 89' lang='lat' dir='ltr'>illorum.</span> <span class='ocrx_word' id='word_1_118' title='bbox 490 1882 565 1946; x_wconf 76' lang='lat' dir='ltr'>(luo</span> <span class='ocrx_word' id='word_1_119' title='bbox 590 1882 652 1958; x_wconf 94' lang='lat' dir='ltr'>die,</span> <span class='ocrx_word' id='word_1_120' title='bbox 679 1883 801 1946; x_wconf 89' lang='lat' dir='ltr'>scilicet</span> <span class='ocrx_word' id='word_1_121' title='bbox 826 1884 878 1947; x_wconf 90' lang='lat' dir='ltr'>die</span> <span class='ocrx_word' id='word_1_122' title='bbox 906 1885 1034 1962; x_wconf 81' lang='lat' dir='ltr'>Martis,</span> <span class='ocrx_word' id='word_1_123' title='bbox 1057 1895 1216 1948; x_wconf 86' lang='lat' dir='ltr'>venerunt</span> <span class='ocrx_word' id='word_1_124' title='bbox 1240 1907 1353 1948; x_wconf 88' lang='lat' dir='ltr'>omnes</span> 
     </span>
     <span class='ocr_line' id='line_1_15' title="bbox 203 1984 1353 2050; baseline 0.002 -2"><span class='ocrx_word' id='word_1_125' title='bbox 203 1984 413 2049; x_wconf 84' lang='lat' dir='ltr'>Aldermanni</span> <span class='ocrx_word' id='word_1_126' title='bbox 438 1994 471 2047; x_wconf 91' lang='lat' dir='ltr'>et</span> <span class='ocrx_word' id='word_1_127' title='bbox 496 1984 593 2047; x_wconf 91' lang='lat' dir='ltr'>Cives</span> <span class='ocrx_word' id='word_1_128' title='bbox 618 1985 658 2046; x_wconf 93' lang='lat' dir='ltr'>ad</span> <span class='ocrx_word' id='word_1_129' title='bbox 682 2004 809 2048; x_wconf 91' lang='lat' dir='ltr'>crucem</span> <span class='ocrx_word' id='word_1_130' title='bbox 837 1986 948 2049; x_wconf 88' lang='lat' dir='ltr'>Sancti</span> <span class='ocrx_word' id='word_1_131' title='bbox 974 1986 1075 2049; x_wconf 90' lang='lat' dir='ltr'>Pauli.</span> <span class='ocrx_word' id='word_1_132' title='bbox 1130 1986 1215 2049; x_wconf 91' lang='lat' dir='ltr'>Cum</span> <span class='ocrx_word' id='word_1_133' title='bbox 1243 1999 1353 2050; x_wconf 88' lang='lat' dir='ltr'>autern</span> 
     </span>
     <span class='ocr_line' id='line_1_16' title="bbox 203 2086 1352 2173; baseline 0.002 -23"><span class='ocrx_word' id='word_1_134' title='bbox 203 2088 338 2172; x_wconf 86' lang='lat' dir='ltr'>predicti</span> <span class='ocrx_word' id='word_1_135' title='bbox 351 2107 406 2149; x_wconf 85' lang='lat' dir='ltr'>sex</span> <span class='ocrx_word' id='word_1_136' title='bbox 419 2087 478 2149; x_wconf 89' lang='lat' dir='ltr'>viri</span> <span class='ocrx_word' id='word_1_137' title='bbox 495 2086 688 2149; x_wconf 86' lang='lat' dir='ltr'>occasionati</span> <span class='ocrx_word' id='word_1_138' title='bbox 712 2110 730 2149; x_wconf 94' lang='lat' dir='ltr'>a</span> <span class='ocrx_word' id='word_1_139' title='bbox 748 2089 834 2171; x_wconf 85' lang='lat' dir='ltr'>Rege</span> <span class='ocrx_word' id='word_1_140' title='bbox 847 2088 1075 2152; x_wconf 87' lang='lat' dir='ltr'>intellexerunt</span> <span class='ocrx_word' id='word_1_141' title='bbox 1091 2111 1149 2173; x_wconf 91' lang='lat' dir='ltr'>per</span> <span class='ocrx_word' id='word_1_142' title='bbox 1170 2111 1352 2152; x_wconf 91' lang='lat' dir='ltr'>murmura·</span> 
     </span>
     <span class='ocr_line' id='line_1_17' title="bbox 201 2188 1353 2273; baseline 0.001 -20"><span class='ocrx_word' id='word_1_143' title='bbox 201 2192 323 2253; x_wconf 89' lang='lat' dir='ltr'>tionem</span> <span class='ocrx_word' id='word_1_144' title='bbox 340 2188 463 2273; x_wconf 93' lang='lat' dir='ltr'>populi,</span> <span class='ocrx_word' id='word_1_145' title='bbox 479 2188 565 2272; x_wconf 92' lang='lat' dir='ltr'>quod</span> <span class='ocrx_word' id='word_1_146' title='bbox 582 2189 643 2272; x_wconf 90' lang='lat' dir='ltr'>ipsi</span> <span class='ocrx_word' id='word_1_147' title='bbox 667 2190 792 2255; x_wconf 92' lang='lat' dir='ltr'>nollent</span> <span class='ocrx_word' id='word_1_148' title='bbox 817 2191 971 2256; x_wconf 89' lang='lat' dir='ltr'>advocare</span> <span class='ocrx_word' id='word_1_149' title='bbox 996 2192 1233 2256; x_wconf 77' lang='lat' dir='ltr'>Aldermannos</span> <span class='ocrx_word' id='word_1_150' title='bbox 1256 2192 1288 2253; x_wconf 94' lang='lat' dir='ltr'>in</span> <span class='ocrx_word' id='word_1_151' title='bbox 1304 2214 1353 2255; x_wconf 88' lang='lat' dir='ltr'>re·</span> 
     </span>
     <span class='ocr_line' id='line_1_18' title="bbox 202 2291 1353 2376; baseline 0 -21"><span class='ocrx_word' id='word_1_152' title='bbox 202 2315 323 2376; x_wconf 90' lang='lat' dir='ltr'>sponso</span> <span class='ocrx_word' id='word_1_153' title='bbox 339 2314 396 2375; x_wconf 89' lang='lat' dir='ltr'>per</span> <span class='ocrx_word' id='word_1_154' title='bbox 411 2291 482 2354; x_wconf 89' lang='lat' dir='ltr'>illos</span> <span class='ocrx_word' id='word_1_155' title='bbox 499 2291 583 2354; x_wconf 90' lang='lat' dir='ltr'>facto</span> <span class='ocrx_word' id='word_1_156' title='bbox 600 2314 706 2354; x_wconf 89' lang='lat' dir='ltr'>coram</span> <span class='ocrx_word' id='word_1_157' title='bbox 724 2293 822 2375; x_wconf 85' lang='lat' dir='ltr'>Rege,</span> <span class='ocrx_word' id='word_1_158' title='bbox 838 2293 900 2376; x_wconf 91' lang='lat' dir='ltr'>ipsi</span> <span class='ocrx_word' id='word_1_159' title='bbox 916 2304 1120 2356; x_wconf 89' lang='lat' dir='ltr'>accesserunt</span> <span class='ocrx_word' id='word_1_160' title='bbox 1135 2293 1176 2355; x_wconf 94' lang='lat' dir='ltr'>ad</span> <span class='ocrx_word' id='word_1_161' title='bbox 1192 2293 1275 2368; x_wconf 90' lang='lat' dir='ltr'>illos,</span> <span class='ocrx_word' id='word_1_162' title='bbox 1298 2293 1353 2375; x_wconf 94' lang='lat' dir='ltr'>qui</span> 
     </span>
     <span class='ocr_line' id='line_1_19' title="bbox 202 2394 1351 2478; baseline 0.002 -23"><span class='ocrx_word' id='word_1_163' title='bbox 202 2394 323 2456; x_wconf 89' lang='lat' dir='ltr'>missia</span> <span class='ocrx_word' id='word_1_164' title='bbox 340 2394 426 2475; x_wconf 87' lang='lat' dir='ltr'>Rege</span> <span class='ocrx_word' id='word_1_165' title='bbox 442 2405 544 2470; x_wconf 88' lang='lat' dir='ltr'>erant,</span> <span class='ocrx_word' id='word_1_166' title='bbox 560 2404 638 2456; x_wconf 90' lang='lat' dir='ltr'>tunc</span> <span class='ocrx_word' id='word_1_167' title='bbox 653 2394 829 2457; x_wconf 85' lang='lat' dir='ltr'>existentes</span> <span class='ocrx_word' id='word_1_168' title='bbox 845 2395 877 2456; x_wconf 93' lang='lat' dir='ltr'>in</span> <span class='ocrx_word' id='word_1_169' title='bbox 894 2395 992 2457; x_wconf 90' lang='lat' dir='ltr'>domo</span> <span class='ocrx_word' id='word_1_170' title='bbox 1008 2395 1176 2478; x_wconf 90' lang='lat' dir='ltr'>cujusdam</span> <span class='ocrx_word' id='word_1_171' title='bbox 1194 2394 1351 2458; x_wconf 89' lang='lat' dir='ltr'>Canonici</span> 
     </span>
     <span class='ocr_line' id='line_1_20' title="bbox 201 2494 1351 2579; baseline 0.002 -20"><span class='ocrx_word' id='word_1_172' title='bbox 201 2496 241 2559; x_wconf 90' lang='lat' dir='ltr'>de</span> <span class='ocrx_word' id='word_1_173' title='bbox 259 2496 377 2557; x_wconf 85' lang='lat' dir='ltr'>Sancto</span> <span class='ocrx_word' id='word_1_174' title='bbox 395 2494 505 2570; x_wconf 91' lang='lat' dir='ltr'>Paulo,</span> <span class='ocrx_word' id='word_1_175' title='bbox 521 2509 554 2556; x_wconf 91' lang='lat' dir='ltr'>et</span> <span class='ocrx_word' id='word_1_176' title='bbox 569 2495 720 2557; x_wconf 89' lang='lat' dir='ltr'>dixerunt</span> <span class='ocrx_word' id='word_1_177' title='bbox 735 2497 822 2579; x_wconf 93' lang='lat' dir='ltr'>quod</span> <span class='ocrx_word' id='word_1_178' title='bbox 845 2497 1019 2560; x_wconf 89' lang='lat' dir='ltr'>noluerunt</span> <span class='ocrx_word' id='word_1_179' title='bbox 1034 2509 1145 2561; x_wconf 91' lang='lat' dir='ltr'>contra</span> <span class='ocrx_word' id='word_1_180' title='bbox 1168 2498 1351 2561; x_wconf 91' lang='lat' dir='ltr'>Dominum</span> 
     </span>
     <span class='ocr_line' id='line_1_21' title="bbox 203 2597 1351 2681; baseline 0.001 -20"><span class='ocrx_word' id='word_1_181' title='bbox 203 2599 326 2681; x_wconf 87' lang='lat' dir='ltr'>Regem</span> <span class='ocrx_word' id='word_1_182' title='bbox 357 2597 529 2681; x_wconf 84' lang='lat' dir='ltr'>placitare3</span> <span class='ocrx_word' id='word_1_183' title='bbox 565 2598 620 2660; x_wconf 89' lang='lat' dir='ltr'>sed</span> <span class='ocrx_word' id='word_1_184' title='bbox 644 2609 824 2680; x_wconf 90' lang='lat' dir='ltr'>posuerunt</span> <span class='ocrx_word' id='word_1_185' title='bbox 850 2621 884 2662; x_wconf 89' lang='lat' dir='ltr'>se</span> <span class='ocrx_word' id='word_1_186' title='bbox 909 2599 941 2661; x_wconf 94' lang='lat' dir='ltr'>in</span> <span class='ocrx_word' id='word_1_187' title='bbox 973 2600 1190 2663; x_wconf 88' lang='lat' dir='ltr'>misericordia</span> <span class='ocrx_word' id='word_1_188' title='bbox 1216 2600 1351 2662; x_wconf 90' lang='lat' dir='ltr'>Domini</span> 
     </span>
     <span class='ocr_line' id='line_1_22' title="bbox 201 2700 1351 2785; baseline 0.003 -23"><span class='ocrx_word' id='word_1_189' title='bbox 201 2700 309 2783; x_wconf 86' lang='lat' dir='ltr'>Regis,</span> <span class='ocrx_word' id='word_1_190' title='bbox 324 2711 492 2783; x_wconf 89' lang='lat' dir='ltr'>precantes</span> <span class='ocrx_word' id='word_1_191' title='bbox 509 2710 546 2761; x_wconf 91' lang='lat' dir='ltr'>ut</span> <span class='ocrx_word' id='word_1_192' title='bbox 563 2700 632 2762; x_wconf 91' lang='lat' dir='ltr'>Rex</span> <span class='ocrx_word' id='word_1_193' title='bbox 648 2701 767 2763; x_wconf 87' lang='lat' dir='ltr'>faceret</span> <span class='ocrx_word' id='word_1_194' title='bbox 781 2701 897 2784; x_wconf 91' lang='lat' dir='ltr'>inquiri</span> <span class='ocrx_word' id='word_1_195' title='bbox 913 2723 971 2785; x_wconf 91' lang='lat' dir='ltr'>per</span> <span class='ocrx_word' id='word_1_196' title='bbox 997 2724 1078 2785; x_wconf 93' lang='lat' dir='ltr'>quos</span> <span class='ocrx_word' id='word_1_197' title='bbox 1094 2701 1191 2764; x_wconf 87' lang='lat' dir='ltr'>vellet</span> <span class='ocrx_word' id='word_1_198' title='bbox 1206 2702 1246 2765; x_wconf 87' lang='lat' dir='ltr'>de</span> <span class='ocrx_word' id='word_1_199' title='bbox 1263 2702 1351 2765; x_wconf 88' lang='lat' dir='ltr'>Civi-</span> 
     </span>
     <span class='ocr_line' id='line_1_23' title="bbox 199 2802 1349 2888; baseline 0.002 -22"><span class='ocrx_word' id='word_1_200' title='bbox 199 2814 276 2879; x_wconf 84' lang='lat' dir='ltr'>tate,</span> <span class='ocrx_word' id='word_1_201' title='bbox 292 2804 319 2864; x_wconf 93' lang='lat' dir='ltr'>si</span> <span class='ocrx_word' id='word_1_202' title='bbox 336 2803 397 2887; x_wconf 92' lang='lat' dir='ltr'>ipsi</span> <span class='ocrx_word' id='word_1_203' title='bbox 413 2815 521 2865; x_wconf 87' lang='lat' dir='ltr'>essent</span> <span class='ocrx_word' id='word_1_204' title='bbox 538 2803 570 2865; x_wconf 91' lang='lat' dir='ltr'>in</span> <span class='ocrx_word' id='word_1_205' title='bbox 587 2802 692 2886; x_wconf 92' lang='lat' dir='ltr'>aliquo</span> <span class='ocrx_word' id='word_1_206' title='bbox 709 2803 885 2888; x_wconf 88' lang='lat' dir='ltr'>culpabiles</span> <span class='ocrx_word' id='word_1_207' title='bbox 901 2805 940 2867; x_wconf 92' lang='lat' dir='ltr'>de</span> <span class='ocrx_word' id='word_1_208' title='bbox 956 2805 1063 2888; x_wconf 89' lang='lat' dir='ltr'>aliquo</span> <span class='ocrx_word' id='word_1_209' title='bbox 1079 2804 1224 2881; x_wconf 88' lang='lat' dir='ltr'>crimine,</span> <span class='ocrx_word' id='word_1_210' title='bbox 1241 2816 1349 2869; x_wconf 87' lang='lat' dir='ltr'>tamen</span> 
     </span>
     <span class='ocr_line' id='line_1_24' title="bbox 201 2905 1348 2972; baseline 0.001 -3"><span class='ocrx_word' id='word_1_211' title='bbox 201 2907 296 2969; x_wconf 89' lang='lat' dir='ltr'>salvis</span> <span class='ocrx_word' id='word_1_212' title='bbox 312 2907 358 2970; x_wconf 91' lang='lat' dir='ltr'>eis</span> <span class='ocrx_word' id='word_1_213' title='bbox 374 2919 407 2970; x_wconf 94' lang='lat' dir='ltr'>et</span> <span class='ocrx_word' id='word_1_214' title='bbox 422 2907 492 2969; x_wconf 88' lang='lat' dir='ltr'>aliis</span> <span class='ocrx_word' id='word_1_215' title='bbox 509 2905 644 2970; x_wconf 84' lang='lat' dir='ltr'>Civibus</span> <span class='ocrx_word' id='word_1_216' title='bbox 656 2905 858 2969; x_wconf 88' lang='lat' dir='ltr'>libertatibus</span> <span class='ocrx_word' id='word_1_217' title='bbox 880 2907 957 2970; x_wconf 84' lang='lat' dir='ltr'>suis.</span> <span class='ocrx_word' id='word_1_218' title='bbox 996 2907 1061 2972; x_wconf 79' lang='lat' dir='ltr'>(lui</span> <span class='ocrx_word' id='word_1_219' title='bbox 1079 2907 1253 2970; x_wconf 86' lang='lat' dir='ltr'>noluerunt</span> <span class='ocrx_word' id='word_1_220' title='bbox 1269 2930 1348 2971; x_wconf 91' lang='lat' dir='ltr'>con·</span> 
     </span>
     <span class='ocr_line' id='line_1_25' title="bbox 199 3008 1349 3092; baseline -0.001 -19"><span class='ocrx_word' id='word_1_221' title='bbox 199 3009 310 3073; x_wconf 87' lang='lat' dir='ltr'>cedere</span> <span class='ocrx_word' id='word_1_222' title='bbox 334 3009 380 3072; x_wconf 90' lang='lat' dir='ltr'>eis</span> <span class='ocrx_word' id='word_1_223' title='bbox 407 3009 545 3092; x_wconf 89' lang='lat' dir='ltr'>aliquam</span> <span class='ocrx_word' id='word_1_224' title='bbox 570 3008 823 3090; x_wconf 87' lang='lat' dir='ltr'>inquisitionem.</span> <span class='ocrx_word' id='word_1_225' title='bbox 870 3009 938 3071; x_wconf 90' lang='lat' dir='ltr'>lllis</span> <span class='ocrx_word' id='word_1_226' title='bbox 964 3031 1041 3072; x_wconf 87' lang='lat' dir='ltr'>vero</span> <span class='ocrx_word' id='word_1_227' title='bbox 1066 3009 1099 3071; x_wconf 93' lang='lat' dir='ltr'>iu</span> <span class='ocrx_word' id='word_1_228' title='bbox 1130 3008 1349 3072; x_wconf 90' lang='lat' dir='ltr'>misericordia</span> 
     </span>
     <span class='ocr_line' id='line_1_26' title="bbox 198 3110 1347 3196; baseline 0 -21"><span class='ocrx_word' id='word_1_229' title='bbox 198 3113 296 3194; x_wconf 87' lang='lat' dir='ltr'>Regis</span> <span class='ocrx_word' id='word_1_230' title='bbox 323 3112 546 3187; x_wconf 87' lang='lat' dir='ltr'>existentibus,</span> <span class='ocrx_word' id='word_1_231' title='bbox 570 3110 739 3173; x_wconf 88' lang='lat' dir='ltr'>Jobannes</span> <span class='ocrx_word' id='word_1_232' title='bbox 772 3111 901 3174; x_wconf 87' lang='lat' dir='ltr'>Mansel</span> <span class='ocrx_word' id='word_1_233' title='bbox 924 3111 1029 3174; x_wconf 88' lang='lat' dir='ltr'>etalii</span> <span class='ocrx_word' id='word_1_234' title='bbox 1052 3133 1070 3172; x_wconf 90' lang='lat' dir='ltr'>a</span> <span class='ocrx_word' id='word_1_235' title='bbox 1093 3111 1236 3174; x_wconf 89' lang='lat' dir='ltr'>Domino</span> <span class='ocrx_word' id='word_1_236' title='bbox 1261 3112 1347 3196; x_wconf 85' lang='lat' dir='ltr'>Rege</span> 
     </span>
     <span class='ocr_line' id='line_1_27' title="bbox 197 3212 1346 3296; baseline 0.002 -21"><span class='ocrx_word' id='word_1_237' title='bbox 197 3213 299 3288; x_wconf 86' lang='lat' dir='ltr'>missi,</span> <span class='ocrx_word' id='word_1_238' title='bbox 314 3224 473 3275; x_wconf 85' lang='lat' dir='ltr'>venerunt</span> <span class='ocrx_word' id='word_1_239' title='bbox 497 3213 537 3273; x_wconf 96' lang='lat' dir='ltr'>ad</span> <span class='ocrx_word' id='word_1_240' title='bbox 566 3233 692 3274; x_wconf 90' lang='lat' dir='ltr'>crucem</span> <span class='ocrx_word' id='word_1_241' title='bbox 710 3212 820 3275; x_wconf 84' lang='lat' dir='ltr'>Sancti</span> <span class='ocrx_word' id='word_1_242' title='bbox 849 3213 959 3287; x_wconf 85' lang='lat' dir='ltr'>Pauli3</span> <span class='ocrx_word' id='word_1_243' title='bbox 987 3233 1125 3296; x_wconf 89' lang='lat' dir='ltr'>quorum</span> <span class='ocrx_word' id='word_1_244' title='bbox 1149 3235 1246 3289; x_wconf 89' lang='lat' dir='ltr'>unus,</span> <span class='ocrx_word' id='word_1_245' title='bbox 1261 3215 1346 3277; x_wconf 86' lang='lat' dir='ltr'>facto</span> 
     </span>
     <span class='ocr_line' id='line_1_28' title="bbox 197 3313 1346 3397; baseline 0.001 -21"><span class='ocrx_word' id='word_1_246' title='bbox 197 3314 317 3376; x_wconf 89' lang='lat' dir='ltr'>blando</span> <span class='ocrx_word' id='word_1_247' title='bbox 334 3335 481 3376; x_wconf 89' lang='lat' dir='ltr'>sermone</span> <span class='ocrx_word' id='word_1_248' title='bbox 497 3324 530 3376; x_wconf 89' lang='lat' dir='ltr'>et</span> <span class='ocrx_word' id='word_1_249' title='bbox 545 3314 635 3396; x_wconf 89' lang='lat' dir='ltr'>quasi</span> <span class='ocrx_word' id='word_1_250' title='bbox 654 3313 859 3396; x_wconf 87' lang='lat' dir='ltr'>predicando,</span> <span class='ocrx_word' id='word_1_251' title='bbox 877 3314 1069 3397; x_wconf 90' lang='lat' dir='ltr'>promittens</span> <span class='ocrx_word' id='word_1_252' title='bbox 1092 3313 1214 3396; x_wconf 89' lang='lat' dir='ltr'>populo</span> <span class='ocrx_word' id='word_1_253' title='bbox 1236 3315 1346 3377; x_wconf 89' lang='lat' dir='ltr'>omnia</span> 
     </span>
    </p>
   </div>
   <div class='ocr_carea' id='block_1_3' title="bbox 192 3412 1345 4110">
    <p class='ocr_par' dir='ltr' id='par_1_3' title="bbox 192 3412 1345 4110">
     <span class='ocr_line' id='line_1_29' title="bbox 192 3412 1345 3500; baseline 0 -23"><span class='ocrx_word' id='word_1_254' title='bbox 192 3418 265 3500; x_wconf 89' lang='lat' dir='ltr'>jura</span> <span class='ocrx_word' id='word_1_255' title='bbox 280 3436 391 3478; x_wconf 90' lang='lat' dir='ltr'>eorum</span> <span class='ocrx_word' id='word_1_256' title='bbox 408 3426 441 3477; x_wconf 88' lang='lat' dir='ltr'>et</span> <span class='ocrx_word' id='word_1_257' title='bbox 456 3414 618 3477; x_wconf 86' lang='lat' dir='ltr'>libertates</span> <span class='ocrx_word' id='word_1_258' title='bbox 634 3437 652 3476; x_wconf 89' lang='lat' dir='ltr'>a</span> <span class='ocrx_word' id='word_1_259' title='bbox 668 3415 812 3477; x_wconf 92' lang='lat' dir='ltr'>Domino</span> <span class='ocrx_word' id='word_1_260' title='bbox 830 3415 917 3497; x_wconf 89' lang='lat' dir='ltr'>Rege</span> <span class='ocrx_word' id='word_1_261' title='bbox 933 3412 1039 3475; x_wconf 88' lang='lat' dir='ltr'>illesas</span> <span class='ocrx_word' id='word_1_262' title='bbox 1055 3415 1247 3490; x_wconf 87' lang='lat' dir='ltr'>conservari,</span> <span class='ocrx_word' id='word_1_263' title='bbox 1263 3416 1345 3478; x_wconf 85' lang='lat' dir='ltr'>dixit</span> 
     </span>
     <span class='ocr_line' id='line_1_30' title="bbox 194 3514 1343 3596; baseline 0 -16"><span class='ocrx_word' id='word_1_264' title='bbox 194 3519 254 3580; x_wconf 87' lang='lat' dir='ltr'>“si</span> <span class='ocrx_word' id='word_1_265' title='bbox 272 3516 407 3578; x_wconf 83' lang='lat' dir='ltr'>ballivus</span> <span class='ocrx_word' id='word_1_266' title='bbox 431 3516 480 3577; x_wconf 89' lang='lat' dir='ltr'>vel</span> <span class='ocrx_word' id='word_1_267' title='bbox 504 3514 611 3577; x_wconf 87' lang='lat' dir='ltr'>ballivi</span> <span class='ocrx_word' id='word_1_268' title='bbox 635 3536 747 3577; x_wconf 90' lang='lat' dir='ltr'>eorum</span> <span class='ocrx_word' id='word_1_269' title='bbox 769 3515 888 3596; x_wconf 87' lang='lat' dir='ltr'>injuste</span> <span class='ocrx_word' id='word_1_270' title='bbox 910 3515 983 3576; x_wconf 91' lang='lat' dir='ltr'>illos</span> <span class='ocrx_word' id='word_1_271' title='bbox 1004 3515 1131 3576; x_wconf 88' lang='lat' dir='ltr'>tractati</span> <span class='ocrx_word' id='word_1_272' title='bbox 1156 3515 1295 3579; x_wconf 90' lang='lat' dir='ltr'>fuissent</span> <span class='ocrx_word' id='word_1_273' title='bbox 1309 3528 1343 3580; x_wconf 88' lang='lat' dir='ltr'>et</span> 
     </span>
     <span class='ocr_line' id='line_1_31' title="bbox 196 3615 1341 3701; baseline 0 -20"><span class='ocrx_word' id='word_1_274' title='bbox 196 3619 297 3682; x_wconf 88' lang='lat' dir='ltr'>multa</span> <span class='ocrx_word' id='word_1_275' title='bbox 324 3616 406 3678; x_wconf 88' lang='lat' dir='ltr'>mala</span> <span class='ocrx_word' id='word_1_276' title='bbox 421 3627 454 3678; x_wconf 90' lang='lat' dir='ltr'>et</span> <span class='ocrx_word' id='word_1_277' title='bbox 477 3616 616 3699; x_wconf 91' lang='lat' dir='ltr'>dampna</span> <span class='ocrx_word' id='word_1_278' title='bbox 638 3616 684 3678; x_wconf 90' lang='lat' dir='ltr'>eis</span> <span class='ocrx_word' id='word_1_279' title='bbox 705 3629 738 3676; x_wconf 89' lang='lat' dir='ltr'>et</span> <span class='ocrx_word' id='word_1_280' title='bbox 762 3615 894 3677; x_wconf 80' lang='lat' dir='ltr'>Civitati</span> <span class='ocrx_word' id='word_1_281' title='bbox 919 3615 1115 3691; x_wconf 87' lang='lat' dir='ltr'>intulissent,</span> <span class='ocrx_word' id='word_1_282' title='bbox 1143 3620 1283 3701; x_wconf 90' lang='lat' dir='ltr'>supponi</span> <span class='ocrx_word' id='word_1_283' title='bbox 1308 3619 1341 3681; x_wconf 91' lang='lat' dir='ltr'>in</span> 
     </span>
     <span class='ocr_line' id='line_1_32' title="bbox 195 3716 1340 3800; baseline -0.002 -15"><span class='ocrx_word' id='word_1_284' title='bbox 195 3722 250 3785; x_wconf 89' lang='lat' dir='ltr'>tali</span> <span class='ocrx_word' id='word_1_285' title='bbox 266 3741 352 3791; x_wconf 86' lang='lat' dir='ltr'>casu,</span> <span class='ocrx_word' id='word_1_286' title='bbox 365 3718 542 3781; x_wconf 86' lang='lat' dir='ltr'>secuudum</span> <span class='ocrx_word' id='word_1_287' title='bbox 554 3718 656 3800; x_wconf 88' lang='lat' dir='ltr'>legem</span> <span class='ocrx_word' id='word_1_288' title='bbox 670 3717 820 3779; x_wconf 84' lang='lat' dir='ltr'>Civitatis</span> <span class='ocrx_word' id='word_1_289' title='bbox 832 3716 985 3780; x_wconf 90' lang='lat' dir='ltr'>deberent</span> <span class='ocrx_word' id='word_1_290' title='bbox 998 3738 1032 3779; x_wconf 89' lang='lat' dir='ltr'>se</span> <span class='ocrx_word' id='word_1_291' title='bbox 1045 3717 1215 3782; x_wconf 87' lang='lat' dir='ltr'>defendere</span> <span class='ocrx_word' id='word_1_292' title='bbox 1228 3741 1340 3783; x_wconf 90' lang='lat' dir='ltr'>versus</span> 
     </span>
     <span class='ocr_line' id='line_1_33' title="bbox 197 3818 1342 3907; baseline -0.001 -20"><span class='ocrx_word' id='word_1_293' title='bbox 197 3826 316 3907; x_wconf 85' lang='lat' dir='ltr'>Regem</span> <span class='ocrx_word' id='word_1_294' title='bbox 333 3822 372 3883; x_wconf 93' lang='lat' dir='ltr'>de</span> <span class='ocrx_word' id='word_1_295' title='bbox 390 3832 476 3883; x_wconf 83' lang='lat' dir='ltr'>secta</span> <span class='ocrx_word' id='word_1_296' title='bbox 491 3843 549 3882; x_wconf 85' lang='lat' dir='ltr'>sua</span> <span class='ocrx_word' id='word_1_297' title='bbox 572 3841 629 3903; x_wconf 90' lang='lat' dir='ltr'>per</span> <span class='ocrx_word' id='word_1_298' title='bbox 644 3818 813 3882; x_wconf 89' lang='lat' dir='ltr'>duodecim</span> <span class='ocrx_word' id='word_1_299' title='bbox 830 3820 915 3881; x_wconf 90' lang='lat' dir='ltr'>viros</span> <span class='ocrx_word' id='word_1_300' title='bbox 935 3820 1072 3902; x_wconf 90' lang='lat' dir='ltr'>juratos,</span> <span class='ocrx_word' id='word_1_301' title='bbox 1087 3833 1121 3884; x_wconf 90' lang='lat' dir='ltr'>et</span> <span class='ocrx_word' id='word_1_302' title='bbox 1135 3843 1247 3885; x_wconf 88' lang='lat' dir='ltr'>versus</span> <span class='ocrx_word' id='word_1_303' title='bbox 1265 3845 1342 3886; x_wconf 87' lang='lat' dir='ltr'>con-</span> 
     </span>
     <span class='ocr_line' id='line_1_34' title="bbox 194 3922 1341 4009; baseline -0.003 -19"><span class='ocrx_word' id='word_1_304' title='bbox 194 3929 280 3991; x_wconf 81' lang='lat' dir='ltr'>cives</span> <span class='ocrx_word' id='word_1_305' title='bbox 297 3947 373 3987; x_wconf 91' lang='lat' dir='ltr'>suos</span> <span class='ocrx_word' id='word_1_306' title='bbox 388 3946 446 4009; x_wconf 85' lang='lat' dir='ltr'>per</span> <span class='ocrx_word' id='word_1_307' title='bbox 461 3945 517 3985; x_wconf 85' lang='lat' dir='ltr'>sex</span> <span class='ocrx_word' id='word_1_308' title='bbox 532 3922 629 3997; x_wconf 85' lang='lat' dir='ltr'>viros,</span> <span class='ocrx_word' id='word_1_309' title='bbox 644 3933 676 3983; x_wconf 91' lang='lat' dir='ltr'>et</span> <span class='ocrx_word' id='word_1_310' title='bbox 698 3922 743 3983; x_wconf 89' lang='lat' dir='ltr'>ita</span> <span class='ocrx_word' id='word_1_311' title='bbox 765 3922 805 3983; x_wconf 90' lang='lat' dir='ltr'>ab</span> <span class='ocrx_word' id='word_1_312' title='bbox 826 3922 1033 4004; x_wconf 91' lang='lat' dir='ltr'>impositione</span> <span class='ocrx_word' id='word_1_313' title='bbox 1056 3923 1141 3985; x_wconf 92' lang='lat' dir='ltr'>illius</span> <span class='ocrx_word' id='word_1_314' title='bbox 1164 3934 1341 4007; x_wconf 86' lang='lat' dir='ltr'>transgres-</span> 
     </span>
     <span class='ocr_line' id='line_1_35' title="bbox 195 4023 1340 4110; baseline -0.001 -19"><span class='ocrx_word' id='word_1_315' title='bbox 195 4030 294 4093; x_wconf 84' lang='lat' dir='ltr'>sionis</span> <span class='ocrx_word' id='word_1_316' title='bbox 304 4031 371 4092; x_wconf 82' lang='lat' dir='ltr'>sore</span> <span class='ocrx_word' id='word_1_317' title='bbox 381 4025 521 4110; x_wconf 83' lang='lat' dir='ltr'>quieti?&#39;’</span> <span class='ocrx_word' id='word_1_318' title='bbox 566 4024 618 4087; x_wconf 81' lang='lat' dir='ltr'>Ad</span> <span class='ocrx_word' id='word_1_319' title='bbox 635 4023 721 4108; x_wconf 91' lang='lat' dir='ltr'>quod</span> <span class='ocrx_word' id='word_1_320' title='bbox 731 4045 921 4108; x_wconf 90' lang='lat' dir='ltr'>responsum</span> <span class='ocrx_word' id='word_1_321' title='bbox 937 4025 1009 4101; x_wconf 88' lang='lat' dir='ltr'>fuit,</span> <span class='ocrx_word' id='word_1_322' title='bbox 1025 4025 1114 4089; x_wconf 91' lang='lat' dir='ltr'>nullo</span> <span class='ocrx_word' id='word_1_323' title='bbox 1123 4036 1232 4089; x_wconf 90' lang='lat' dir='ltr'>tamen</span> <span class='ocrx_word' id='word_1_324' title='bbox 1241 4027 1340 4091; x_wconf 90' lang='lat' dir='ltr'>collo-</span> 
     </span>
    </p>
   </div>
   <div class='ocr_carea' id='block_1_4' title="bbox 0 0 1774 4830">
    <p class='ocr_par' dir='ltr' id='par_1_4' title="bbox 0 0 1774 4830">
     <span class='ocr_line' id='line_1_36' title="bbox 0 0 1774 4830; baseline 0 4"><span class='ocrx_word' id='word_1_325' title='bbox 0 0 1774 4830; x_wconf 95' lang='lat' dir='ltr'> </span> 
     </span>
    </p>
   </div>
  </div>
 </body>
</html>
