3540 4830
713 483 888 524 ennrncn.
1292 462 1402 524 lxxxix

201 630 318 688 busdam
343 630 378 689 de
406 632 496 688 causis
524 631 604 688 dictis
629 634 792 688 tenementis
821 633 849 687 in
876 631 1059 688 Emlesworth
1085 640 1113 687 ct
1136 633 1253 687 Watton
1277 642 1304 688 et
1329 633 1404 690 dicto

201 730 324 787 manerio
338 728 373 785 de
389 729 554 807 Adyngton‚
567 729 654 785 donec
668 728 769 786 alinde
782 729 862 785 nobis
877 747 960 803 super
974 727 1026 785 hoe
1041 727 1196 785 habueritis
1211 729 1239 784 in
1253 729 1403 798 mandatis,

200 878 232 924 ad
250 885 443 924 coronamentum
461 878 552 923 domini
574 878 644 937 Regis
662 878 692 922 ad
714 877 849 921 laciendum
866 892 940 921 unum
962 877 1076 922 ferreolum
1089 893 1132 936 pro
1144 878 1241 922 dommo
1255 878 1326 937 Rege,
1339 878 1403 937 qnod

202 966 299 1005 rooetur
311 958 375 1004 Meea
386 958 416 1003 de
428 959 534 1011 Gerena,
543 959 676 1015 sumptibus
687 957 777 1001 domini
791 957 861 1013 Regis
872 958 897 1001 in
910 973 958 1002 una
970 958 1016 1001 olla
1028 959 1100 1004 luteo.
1137 959 1168 1003 Et
1179 960 1264 1004 dicunt
1276 959 1340 1018 quod
1353 972 1404 1017 pre-

201 1039 266 1085 dicta
276 1039 393 1084 hereditas
404 1037 474 1083 simul
485 1052 540 1081 cnm
552 1037 604 1081 aliis
615 1037 683 1081 terris
700 1036 856 1081 descendebat
868 1037 958 1094 prefato
971 1037 1067 1093 Ilugoni
1080 1043 1103 1082 et
1121 1038 1222 1082 Isnlrelle
1239 1039 1307 1082 uxori
1324 1052 1366 1082 sue
1378 1046 1405 1083 ut

199 1121 240 1181 Jus
251 1126 275 1167 et
285 1120 403 1166 hereditas
421 1120 495 1179 ipsius
512 1118 610 1163 Isahelle
629 1133 672 1177 per
690 1129 790 1163 mortem
808 1119 907 1176 predicti
927 1119 1022 1163 Roherti
1036 1119 1149 1177 Aguillon
1162 1127 1213 1178 post
1226 1119 1403 1164 matrimonium

203 1204 265 1248 inter
283 1202 400 1261 preditum
421 1199 550 1257 Hugonem
568 1206 591 1244 et
609 1199 732 1244 Isabellam
748 1206 904 1245 contractum.
940 1199 1064 1259 (Exteut.)
1100 1201 1190 1245 Dicunt
1207 1202 1277 1245 etiam
1294 1201 1358 1258 quod
1371 1205 1406 1244 est

202 1284 291 1329 ibidem
302 1283 423 1342 quoddam
434 1282 535 1340 capitale
546 1282 692 1340 mesuagium
704 1296 758 1326 curn
770 1282 870 1338 gardino
879 1282 1011 1341 adjacente,
1020 1296 1132 1327 unacum
1144 1283 1294 1341 eysiamentis
1305 1282 1404 1341 gmngie

203 1364 234 1409 do
252 1363 428 1422 Waldyngham
448 1368 472 1406 ct
491 1361 550 1406 vulct
569 1376 611 1419 per
630 1377 721 1407 anuum
742 1363 827 1409 xciiid.
862 1362 961 1407 Summa
980 1363 1058 1408 totalis
1077 1364 1149 1408 halus
1168 1364 1327 1422 inquisitionis
1346 1361 1402 1408 xih'.

203 1443 331 1505 prcadrona.
367 1442 427 1487 Inde
445 1443 469 1486 In
488 1441 606 1486 auxilium
624 1442 774 1488 vicecomitis
792 1444 887 1488 Surreic
907 1445 937 1488 ad
957 1445 1043 1488 testum
1056 1444 1146 1488 Natalis
1165 1445 1260 1488 Domini
1281 1444 1319 1487 viii
1328 1443 1351 1487 d.
1373 1442 1404 1487 ad

204 1523 357 1569 Pentecosten
379 1523 420 1568 xxi
430 1523 453 1568 d.
472 1530 496 1568 et
514 1523 544 1567 ad
564 1523 650 1568 testum
667 1523 749 1568 Sancti
770 1523 893 1567 Michaelis
912 1524 953 1568 xxi
961 1524 984 1568 d.
1027 1523 1086 1567 Item
1105 1523 1209 1567 Iohanni
1231 1524 1261 1568 de
1282 1523 1356 1568 liures
1374 1524 1405 1568 od

205 1604 317 1650 pascham
330 1620 368 1650 vs.
382 1613 405 1650 et
416 1605 447 1649 ad
459 1605 544 1649 testum
558 1603 639 1650 Sancti
654 1605 774 1649 Michaelis
784 1619 821 1649 sa.
857 1604 918 1648 Item
930 1604 1021 1648 custodi
1035 1605 1065 1647 de
1078 1603 1185 1648 Mertone
1200 1604 1256 1648 Ilnll
1269 1606 1362 1649 (lxorrie
1374 1606 1404 1651 ed

205 1685 320 1732 Paeeham
330 1693 354 1732 et
364 1687 395 1731 ad
407 1688 493 1732 testum
503 1687 584 1731 Sancti
598 1686 720 1731 Michaelis
732 1701 767 1730 rs.
777 1700 819 1743 per
830 1684 938 1742 equalem
951 1685 1093 1742 porcionem.
1129 1685 1189 1728 Item
1204 1684 1308 1729 Roherto
1321 1684 1405 1730 Russel

204 1765 243 1812 iis.
254 1765 285 1810 nd
296 1766 415 1825 predictos
427 1766 540 1810 terminos
551 1781 593 1824 per
605 1766 714 1824 equalem
729 1766 873 1824 porcionem.
916 1765 976 1809 Item
988 1765 1085 1809 donrino
1097 1765 1126 1809 dc
1136 1763 1255 1823 Il'ylrham
1272 1765 1302 1808 od
1320 1766 1405 1810 festum

205 1845 286 1892 Sancti
299 1846 421 1892 Michaelis
432 1847 496 1892 iiiid.
532 1848 593 1892 Item
612 1848 686 1892 Priori
706 1846 793 1893 Sancte
811 1846 886 1890 Marie
901 1848 931 1891 de
948 1846 1076 1890 Suthwerk
1089 1846 1119 1889 ad
1132 1846 1266 1904 predictum
1278 1846 1406 1891 temrinum

206 1928 256 1973 rid.
283 1927 344 1974 Item
357 1929 432 1973 Priori
445 1930 475 1973 de
488 1927 616 1974 Ireveshnm
630 1944 701 1973 unam
714 1929 798 1972 libram
810 1929 908 1979 cununi„
928 1929 1030 1987 pretium
1044 1928 1081 1972 id.
1095 1935 1114 1972 et
1126 1928 1159 1972 oli,
1173 1928 1202 1971 ad
1216 1928 1348 1986 predictum
1361 1934 1406 1972 ter-

204 2010 304 2056 minum.
343 2009 442 2053 Summa
462 2009 578 2053 Redditus
595 2009 691 2054 resoluti
710 2008 783 2054 xxiis.
798 2009 832 2054 id.
846 2009 878 2054 oh.
891 2016 914 2054 et
926 2010 958 2053 sie
971 2017 1076 2054 remanet
1088 2009 1117 2054 de
1128 2009 1192 2053 claro
1205 2009 1228 2053 ix
1237 2009 1262 2053 li.
1276 2010 1346 2055 xiiis.
1360 2008 1405 2053 xd.

204 2091 231 2137 ob
241 2091 312 2151 quad.
347 2090 378 2136 Et
389 2091 474 2135 dicunt
494 2091 558 2149 quod
577 2091 678 2135 Thomas
694 2091 757 2135 tilius
773 2092 872 2150 predicti
890 2091 1001 2148 Ilugonis
1020 2098 1054 2136 est
1070 2091 1137 2135 heres
1148 2093 1199 2150 ejus
1211 2092 1372 2150 propinquior,
1385 2095 1408 2134 et

205 2173 250 2218 tuit
261 2173 330 2218 etatis
341 2173 423 2231 viginti
436 2180 459 2216 et
471 2173 573 2216 duorum
585 2186 702 2215 annorum
715 2173 753 2216 die
767 2172 849 2217 Sancti
863 2172 983 2217 l'mncisci
992 2172 1076 2216 ultimo
1088 2173 1206 2230 preterito.

237 2252 403 2299 Suthantonia.
438 2252 564 2311 Inquisitio
584 2259 653 2310 capta
671 2252 735 2310 apud
756 2251 844 2309 ll'ordy
865 2253 888 2296 in
912 2253 1024 2296 comitatu
1048 2253 1225 2296 Sutlrhantonie
1247 2251 1351 2295 secundo
1370 2251 1408 2295 die

206 2334 314 2381 Octobris
324 2350 388 2381 anno
399 2336 467 2395 regni
480 2334 552 2393 Regis
565 2334 678 2380 Edwardi
691 2335 758 2379 xxxii
770 2335 800 2379 de
812 2335 939 2388 terrisdrc.
949 2340 1062 2392 utsupra.
1096 2335 1142 2388 Qui
1153 2335 1236 2378 dicunt
1248 2347 1319 2391 super
1329 2347 1406 2377 sacra·

206 2422 313 2461 mentum
324 2431 394 2461 suum
406 2417 471 2475 quod
484 2417 556 2474 Ilugo
567 2415 670 2468 Barduli,
681 2415 719 2459 die
732 2430 779 2472 quo
791 2415 857 2470 obiit,
870 2415 942 2459 nichil
955 2416 1031 2459 tenuit
1044 2415 1067 2458 in
1080 2415 1200 2458 dominico
1208 2429 1251 2457 suo
1261 2421 1287 2457 ut
1299 2413 1328 2457 de
1340 2414 1409 2457 feodo

206 2497 236 2542 de
248 2496 345 2542 domino
360 2497 426 2557 Rege
438 2499 462 2542 in
474 2499 552 2556 capite
564 2512 606 2541 nee
619 2497 648 2540 de
659 2497 711 2540 eliis
724 2497 746 2540 in
759 2497 872 2541 corrritatu
881 2496 994 2554 predicto.
1029 2495 1075 2550 Qui
1085 2496 1169 2539 ‹lieunt
1179 2494 1242 2553 qum
1256 2509 1330 2539 unum
1343 2501 1406 2539 tene-

206 2584 314 2624 mentum
335 2580 359 2624 in
378 2579 493 2625 Gretham
511 2594 566 2624 cum
583 2579 732 2637 pertinenths
744 2585 767 2622 ct
779 2584 881 2635 quatuor
899 2591 977 2621 marce
993 2576 1066 2620 annui
1080 2576 1188 2620 redditus
1200 2576 1223 2619 in
1238 2575 1408 2620 Emmesworth

206 2666 272 2706 tenta
282 2662 314 2707 de
326 2661 428 2706 DomIno
442 2662 505 2717 Rege
518 2663 542 2705 in
554 2661 631 2719 capite
643 2675 685 2719 per
696 2661 760 2718 qnod
772 2660 896 2703 servicIum
908 2658 1018 2717 ignorant
1033 2665 1089 2702 suut
1106 2657 1226 2703 hereditas
1243 2657 1349 2709 Imbehe,
1362 2670 1408 2717 que

207 2742 253 2788 ruit
263 2757 324 2787 uxor
336 2742 446 2802 lingonis
459 2743 564 2798 Bardoll,
576 2757 623 2801 que
635 2742 711 2786 eidem
726 2740 823 2786 Isalrelle
834 2741 1009 2785 descendebant
1028 2747 1079 2799 post
1096 2747 1195 2784 mortem
1214 2739 1310 2784 Roherti
1325 2739 1408 2798 ¹iqui}-

207 2823 273 2881 loun,
291 2825 363 2884 patris
382 2825 426 2882 sui,
445 2832 471 2869 ut
489 2825 537 2869 tilie
553 2832 576 2869 et
593 2824 756 2882 propinquiori
769 2823 850 2867 heredi
862 2823 968 2882 ejusdem
987 2822 1101 2876 Rolierti3
1118 2821 1158 2879 qui
1175 2822 1272 2878 quidem
1292 2820 1408 2865 Rohertue

207 2907 321 2967 Agaillon
332 2907 391 2951 obiit
403 2921 467 2952 nuuc
476 2907 506 2950 nd
514 2906 596 2951 decem
609 2913 631 2950 ct
641 2914 693 2950 octo
704 2920 778 2949 annos
789 2912 840 2964 post
852 2911 945 2963 tempus
959 2919 1006 2962 quo
1016 2904 1093 2948 dietus
1103 2903 1175 2961 Ilugo
1185 2904 1273 2947 dictem
1284 2902 1407 2946 lsaliellnm

207 2988 355 3047 desponsavit
371 2994 394 3033 et
414 3003 444 3033 ex
462 3003 489 3033 eo
504 2989 594 3048 prolem
612 2988 749 3037 suscitavit:
766 2994 789 3031 et
808 2993 858 3046 pret
879 2995 978 3031 mortem
997 2986 1053 3030 dieti
1078 2986 1172 3030 Roberti
1191 2986 1255 3030 dicta
1273 2990 1408 3029 tenementa

207 3071 284 3115 neieita
301 3071 397 3115 suerunt
415 3071 438 3114 in
455 3085 551 3114 manum
564 3071 654 3115 domini
669 3070 738 3128 Regis
749 3076 773 3113 et
784 3084 812 3113 ex
825 3068 939 3127 postfacto
953 3068 1024 3112 ‹Iletis
1036 3067 1134 3126 Ilugoni
1146 3074 1169 3111 et
1183 3066 1281 3111 Isalrelle
1293 3066 1408 3119 restituta,

207 3151 271 3196 dicte
282 3150 381 3196 Isabelle
393 3156 505 3209 tanquam
517 3150 641 3195 hereditas.
676 3150 737 3194 Item
753 3149 838 3193 dicunt
850 3150 915 3209 quod
933 3155 966 3193 est
983 3149 1007 3192 iu
1024 3149 1089 3192 dicto
1100 3156 1236 3192 tenemento
1248 3148 1278 3191 dc
1291 3146 1406 3191 (lretham

209 3246 257 3277 una
266 3233 365 3292 grangia
376 3240 399 3277 et
411 3247 459 3276 una
471 3233 565 3277 boseriu
576 3232 661 3276 debilis
672 3238 781 3289 cooperta
795 3245 849 3274 curn
861 3231 972 3275 stramine
984 3239 1007 3274 et
1015 3230 1076 3274 mlet
1085 3244 1139 3273 cum
1153 3230 1220 3274 exitu
1231 3230 1301 3273 unius
1314 3227 1407 3284 gardini

208 3327 351 3373 perannum
364 3314 424 3358 xiid.
454 3313 577 3371 (Extcnt.)
613 3314 672 3358 Item
684 3319 740 3356 sunt
751 3312 816 3369 opud
833 3311 1003 3356 Enrmesworth
1017 3311 1055 3354 xri
1068 3311 1204 3355 custunrarIi
1218 3310 1342 3354 reddentes
1354 3308 1408 3352 ἰίἰί01

209 3410 298 3441 mareas
308 3411 351 3455 pro
362 3396 472 3440 omnibus
479 3396 582 3442 serviciis
594 3396 617 3439 ln
629 3409 715 3454 grosso.
752 3393 811 3436 Item
828 3392 911 3437 dicunt
923 3392 987 3450 quod
1003 3391 1104 3435 Thomas
1119 3391 1222 3443 Bardolt‚
1233 3391 1296 3434 tilius
1307 3390 1407 3448 predicti

210 3475 327 3535 Magonis,
339 3484 373 3520 eet
390 3477 441 3520 eius
458 3476 525 3520 heres
541 3476 696 3534 pmpinquior
715 3481 738 3518 et
759 3481 793 3518 est
811 3474 879 3517 emtis
891 3473 974 3531 viginti
991 3483 1014 3517 et
1033 3473 1135 3516 duorum
1152 3485 1269 3515 annorum
1285 3470 1323 3513 die
1341 3470 1409 3514 beate

210 3557 331 3602 Francisci
344 3564 395 3615 post
407 3557 492 3600 testum
504 3557 585 3600 Sancti
600 3556 721 3601 Michaelis
736 3555 760 3598 in
777 3569 840 3598 anno
853 3555 919 3610 regni
934 3554 1004 3608 Regis
1020 3553 1132 3597 Ildwmdi
1145 3553 1233 3596 xxxiis.
1268 3551 1409 3603 Interrogati

209 3652 282 3696 quare
298 3637 343 3681 hoe
360 3636 446 3691 sciunt,
458 3638 541 3681 dieunt
553 3638 616 3694 quod
629 3638 689 3680 bene
702 3635 809 3680 recolunt
821 3636 885 3692 quod
899 3643 967 3678 natus
978 3635 1022 3678 tuit
1034 3635 1059 3678 in
1070 3634 1183 3678 comitatu
1197 3631 1334 3676 Ilerttordie
1345 3631 1409 3689 apud

209 3717 348 3765 Wattonam
366 3717 389 3760 iu
407 3731 471 3761 anno
488 3717 554 3772 regni
574 3716 643 3771 Regis
660 3715 760 3765 decimo.
772 3723 794 3758 et
807 3729 893 3772 magno
904 3715 949 3758 tuit
962 3714 1017 3757 inde
1029 3714 1121 3758 locucio
1133 3722 1156 3758 et
1169 3713 1255 3757 noticia
1267 3712 1291 3756 in
1303 3712 1410 3770 partibus

214 3801 264 3846 istis
276 3801 308 3845 ita
320 3799 384 3858 quod
398 3801 458 3842 bene
470 3797 577 3841 recolunt
589 3797 652 3854 quod
666 3803 759 3842 tantum
772 3803 866 3854 tempus
877 3804 911 3839 est
923 3795 1034 3853 clapsum.

816 3877 915 3922 Summo
926 3877 1004 3922 totalis
1016 3878 1046 3922 rii
1054 3877 1079 3922 li.
1093 3877 1144 3922 riis.
1157 3877 1191 3922 ol».

243 3964 300 4008 This
311 3963 355 4008 last
368 3964 460 4021 inquest
473 3961 556 4006 relatos
567 3961 621 4019 only
633 3969 657 4005 to
669 3961 731 4005 what
748 3974 794 4004 was
811 3960 865 4004 held
878 3960 904 4004 ot
918 3959 958 4003 the
974 3958 1033 4017 king
1045 3959 1068 4002 in
1081 3959 1192 4017 capitem
1204 3958 1244 4003 the
1256 3967 1350 4017 counit,
1362 3959 1409 4002 and

213 4051 253 4090 not
265 4051 289 4090 to
301 4044 342 4090 the
354 4059 436 4089 maner
448 4045 474 4088 ol
483 4043 612 4089 (ireatham
625 4043 695 4099 itselt,
705 4043 781 4088 which
796 4057 842 4086 was
853 4042 908 4087 held
921 4042 947 4086 ot
955 4041 996 4087 the
1010 4040 1077 4086 liaris
1087 4041 1113 4086 ot
1122 4041 1217 4100 Surrey.

257 4145 370 4189 CAMI).
389 4145 461 4187 SOC.
820 4146 840 4185 n
