3540 4830
467 530 725 577 vicecourruu
750 528 1037 575 nounournsuu.
1267 518 1329 575 129

228 682 303 746 Hoc
329 681 427 746 breve
464 694 637 749 executum
675 683 749 762 fuit,
783 690 942 768 quantum
977 681 1019 747 de
1053 680 1210 746 fidelitate
1247 681 1328 766 Regi

181 784 338 864 iacienda,
353 807 441 851 nono
456 787 508 852 die
523 786 729 851 Novembris.
784 786 912 863 Postes,
929 783 971 848 ed
988 784 1181 870 petitionem
1198 782 1327 849 Civium
1375 838 1377 843 .

183 885 346 951 Dominus
362 888 445 967 Rex,
459 888 515 973 qui
541 898 651 953 essent
675 887 835 973 recepturi
849 887 883 950 in
901 886 1052 962 Ciuitate,
1067 885 1256 953 oertifiosvit
1270 909 1328 953 eos

183 1008 242 1072 per
255 987 353 1054 breve
368 1011 482 1070 suum3
504 990 592 1076 quod
607 989 704 1054 breve
719 999 809 1053 verte
823 987 936 1054 folium
951 989 1097 1055 invenies
1113 990 1283 1075 scriptum.

227 1090 479 1156 Memorandum
512 1092 601 1177 quod
634 1111 746 1155 mense
779 1089 861 1155 Julii
885 1092 1041 1176 preterito
1073 1091 1325 1156 transmiserunt
1340 1098 1526 1176 qutluedw

184 1189 282 1256 Cives
310 1192 552 1258 Londonisrum
581 1193 745 1279 quoddam
772 1192 928 1277 seriptum
957 1193 1194 1279 obligatorium,
1223 1165 1440 1278 sigillocm*

184 1290 437 1359 communitatis
453 1296 639 1380 sigillatum,
653 1294 797 1361 Domino
813 1294 894 1379 Regi
911 1295 1063 1360 existenti
1077 1296 1111 1359 in
1126 1295 1326 1381 purlsmsnto

181 1394 269 1479 apud
284 1395 516 1482 Wyntoniem3
537 1398 651 1482 inquo
666 1396 850 1462 continetur
871 1396 959 1481 quod
982 1396 1151 1461 Johsnnes
1171 1395 1327 1475 Addrien,

183 1494 292 1560 Msior
315 1498 570 1577 Londonisrum,
593 1499 748 1578 Berones,
763 1497 861 1563 Cives
886 1509 920 1563 et
940 1497 1130 1562 universalis
1153 1517 1327 1561 commune

183 1597 328 1680 ejusdem
345 1599 495 1664 Civitatis
519 1599 651 1685 obligsti
677 1612 755 1666 sunt
768 1601 855 1687 quod
878 1600 941 1685 ipsi
959 1610 993 1665 et
1005 1598 1141 1664 heredes
1154 1618 1278 1676 eorum,
1293 1608 1328 1663 et

182 1700 237 1783 qui
253 1711 329 1784 post
342 1700 432 1784 ipsos
446 1701 574 1765 venturi
590 1711 677 1779 sunt,
692 1724 820 1789 semper
830 1712 864 1768 et
874 1702 964 1767 omni
977 1711 1123 1786 tempore
1138 1708 1235 1764 eruut
1248 1699 1327 1764 fide-

181 1799 229 1864 les
245 1801 389 1866 Domino
404 1802 485 1887 Regi
499 1811 534 1867 et
551 1802 724 1868 heredibus
735 1805 803 1869 suis
818 1815 931 1870 oontrs
944 1824 1058 1869 omnes
1072 1811 1196 1889 gentes.
1239 1803 1286 1868 Et
1301 1803 1329 1867 si

183 1900 246 1984 ipsi
269 1902 320 1966 rel
346 1903 482 1968 heredes
507 1925 631 1983 eorum,
645 1905 697 1969 vei
717 1907 773 1992 qui
788 1916 865 1993 post
879 1906 969 1992 ipsos
984 1904 1113 1970 venturi
1128 1914 1217 1983 sunt,
1231 1927 1251 1969 s
1265 1903 1329 1968 fids

184 2003 262 2068 dicti
285 2005 383 2090 Regis
397 2006 449 2070 vel
471 2006 627 2071 heredum
644 2029 776 2073 suorum
796 2009 1012 2075 communiter
1026 2007 1229 2084 recesserint,
1243 2026 1332 2068 arms

183 2117 296 2171 eontra
307 2106 413 2192 ipsum
421 2119 588 2193 portantes
598 2134 607 2187 3
618 2121 708 2189 tunc,
719 2132 778 2196 per
786 2110 967 2196 predictum
981 2109 1137 2194 seriptum
1149 2104 1332 2172 oonoedunt

183 2217 222 2272 ut
230 2208 293 2292 ipsi
302 2209 453 2274 emittent
461 2211 561 2274 vitem
572 2221 607 2276 et
616 2211 761 2276 membre
771 2211 841 2275 sine
851 2211 941 2276 omni
952 2209 1182 2288 misericordis,
1193 2219 1227 2273 et
1235 2207 1333 2271 exhe-

183 2313 347 2392 redentur,
361 2322 396 2377 et
409 2313 546 2378 heredes
560 2334 673 2378 eorum
688 2313 722 2378 in
738 2323 942 2400 perpetuum,
957 2322 991 2378 et
1001 2309 1332 2386 exeommunioentur,

184 2423 217 2478 et
232 2414 380 2498 pluribus
394 2414 464 2478 eliis
479 2414 585 2479 modis
600 2414 634 2478 in
648 2414 704 2480 illo
719 2416 841 2500 scripto
862 2426 942 2480 sunt
963 2413 1107 2498 obligati.
1151 2411 1209 2475 Set
1222 2419 1331 2474 temen

184 2515 212 2578 si
236 2516 342 2601 ulique
365 2516 517 2601 seperelis
539 2538 677 2602 persons
691 2518 743 2582 vel
758 2518 917 2602 sepernles
930 2537 1068 2603 persone
1081 2513 1227 2600 ejusdem
1244 2513 1333 2577 Civi-

184 2617 271 2695 tutis‚
290 2628 403 2682 oontrs
416 2616 514 2683 fidem
530 2618 628 2704 Regis
649 2620 701 2685 vel
715 2620 871 2685 heredum
887 2640 1020 2685 suorum
1045 2615 1165 2701 sliquid
1188 2613 1333 2690 iecerint,

183 2718 248 2804 ipsi
267 2720 328 2785 soli
349 2720 526 2805 punientur
547 2730 582 2786 et
606 2720 746 2787 hehesnt
757 2721 916 2807 judicium
936 2741 995 2807 per
1019 2719 1122 2804 legem
1145 2726 1241 2795 terre,
1262 2715 1332 2782 sine

183 2822 326 2905 dampno
340 2820 477 2886 sliomm
492 2821 633 2887 Civium.

226 2923 415 3003 silendum,
430 2924 494 2989 Dei
504 2925 615 3010 getis,
627 2925 698 2990 Rex
713 2924 841 3010 Anglie,
852 2924 1015 2988 Dominus
1028 2919 1197 2998 Hibemie‚
1207 2929 1242 2984 et
1252 2919 1374 2996 Duxss.
1388 2934 1434 2980 122
1445 2939 1477 2981 e.

184 3027 392 3113 Aquitennie,
415 3027 541 3093 dilectis
564 3039 598 3092 et
622 3027 772 3093 fidelibus
794 3025 863 3090 suis
883 3024 1004 3089 Maiori
1026 3033 1061 3087 et
1077 3018 1331 3086 Vioeoomitibus

184 3130 440 3207 Londonisrum,
454 3141 489 3195 et
504 3130 639 3194 Civibus
655 3131 722 3194 suis
737 3128 883 3214 ejusdem
894 3125 1057 3204 Civitstis,
1069 3123 1217 3187 salutem.
1261 3120 1332 3186 sci·

184 3230 258 3307 stis,
272 3230 360 3314 quod
375 3229 416 3294 sd
440 3231 645 3296 securitatem
667 3240 811 3296 nostrum
826 3238 861 3291 et
875 3237 1027 3304 restrum,
1042 3246 1079 3288 sc
1095 3222 1244 3287 Civitatis
1259 3242 1332 3304 pre·

185 3330 280 3408 dicte,
304 3330 504 3414 providimus
530 3331 571 3396 de
593 3331 728 3396 oonsilio
754 3339 879 3407 nostro,
898 3327 987 3414 quod
1015 3325 1128 3390 eedem
1153 3323 1277 3388 civius
1299 3332 1334 3386 et

184 3440 278 3517 porte
300 3430 446 3514 ejusdem
473 3430 610 3496 fideliter
634 3442 669 3496 et
690 3431 774 3496 bene
796 3428 1021 3494 custodientur
1040 3424 1081 3490 de
1102 3425 1154 3491 die
1168 3434 1203 3491 et
1216 3432 1334 3502 noete;

185 3531 346 3609 videlieet,
361 3530 449 3616 quod
473 3541 570 3595 noete
593 3542 686 3616 porte
708 3531 851 3616 predicte
874 3528 1075 3605 claudentur,
1090 3536 1125 3591 et
1148 3526 1189 3591 de
1209 3531 1261 3588 dre
1276 3546 1335 3608 per

183 3634 333 3700 homines
348 3643 489 3697 armatos
499 3632 634 3698 viriliter
647 3641 681 3697 et
690 3632 826 3698 discrete
837 3630 1072 3706 custodientur,
1080 3628 1115 3692 in
1126 3629 1230 3692 forms
1240 3627 1334 3692 robis

184 3738 260 3803 inde
272 3736 375 3822 pridie
386 3734 589 3800 demendsts.
633 3734 680 3799 Et
688 3734 784 3798 etism
795 3732 883 3818 quod
897 3730 978 3794 nulli
992 3729 1119 3815 equites
1130 3729 1181 3793 vel
1197 3728 1335 3814 pedites,

186 3862 244 3904 seu
269 3839 322 3903 ulii
345 3834 525 3922 dequibus
548 3834 690 3919 suspicio
705 3835 812 3921 sliqus
826 3833 936 3898 heberi
952 3831 1067 3917 possit,
1082 3831 1134 3896 vel
1149 3832 1246 3896 etism
1262 3854 1332 3895 sus·

186 3942 284 4030 piosri
310 3941 397 4026 quod
422 3939 589 4004 sinistrum
613 3936 743 4022 aliquod
757 3936 809 4000 vei
835 3935 957 3999 melum
982 3933 1023 3999 de
1046 3933 1142 3999 nobis
1165 3954 1333 4019 perperam

186 4066 354 4131 suggerere
369 4044 482 4120 velint,
505 4041 654 4119 dioendo,
676 4039 883 4124 predioendo,
909 4037 1151 4106 conventiculss
1176 4058 1234 4101 seu
1257 4058 1334 4102 oon·

230 4166 344 4212 csnn.
360 4165 435 4210 soc.
1142 4161 1158 4200 s
