3540 4830
248 662 338 719 fimstu
350 670 370 707 rt
382 672 463 707 ωιπιι

254 726 462 772 &Hirtiano-um.

490 462 531 532 ῃ
836 473 997 519 caosrca
1023 473 1198 518 natones
1226 474 1270 519 ar

478 627 607 713 quibus,
622 636 822 690 sacramento
846 625 992 711 prestito,
1007 625 1155 709 promisit
1181 625 1315 690 reddere
1340 625 1402 689 tria
1417 625 1543 703 Castra,
1563 648 1632 714 qne

477 730 575 795 habet
598 731 629 794 in
648 731 794 793 Marelria
810 729 945 805 ll'allie;
968 750 1030 813 que
1049 728 1218 792 tmdentur
1232 750 1290 812 per
1304 728 1475 793 consilium
1492 730 1631 795 Domini

479 832 576 915 Regis
599 832 638 895 ad
663 831 875 895 custodienda
899 831 976 894 siris
1001 829 1042 895 de
1069 852 1179 913 regno,
1194 830 1249 915 qui
1275 852 1341 894 non
1366 842 1444 895 sunt
1470 834 1632 919 suspecti,

478 957 535 1021 per
550 947 615 998 tres
629 957 732 997 annos
751 934 934 997 continuos.

524 1038 606 1101 Item
623 1037 769 1122 promisit
786 1036 873 1120 quod
898 1036 1084 1119 diligentem
1108 1057 1218 1098 euram
1239 1035 1418 1115 adhiberet,
1444 1048 1481 1099 ut
1506 1035 1629 1101 militer

479 1141 519 1203 de
536 1140 681 1202 Marclria
698 1138 813 1201 ll'allie
834 1138 921 1220 quod
946 1138 1149 1220 prosiseraot
1177 1137 1402 1223 adimplerent,
1417 1150 1451 1203 et
1481 1138 1544 1203 nisi
1560 1138 1630 1203 rel·

478 1240 557 1316 leat,
566 1240 629 1301 nisi
642 1238 762 1301 uellent
774 1240 843 1323 ipse
860 1239 940 1301 ioret
950 1239 997 1301 eis
1009 1237 1153 1323 capitalis
1164 1239 1324 1317 inimicus,
1333 1254 1366 1305 et
1383 1241 1472 1327 ipsos
1484 1262 1543 1325 pro
1553 1254 1629 1305 toto

478 1363 574 1426 posse
590 1363 650 1404 suo
666 1341 707 1404 ad
720 1341 798 1404 illud
814 1340 995 1403 iaciendum
1012 1340 1043 1402 ri
1058 1352 1090 1403 et
1106 1340 1203 1403 armis
1220 1342 1438 1427 compelleret.

522 1443 605 1506 ltem
631 1443 779 1527 promisit
803 1444 890 1527 quod
922 1444 990 1526 ipse
1017 1464 1036 1505 a
1059 1442 1206 1527 proxime
1232 1445 1353 1509 l’asclra
1378 1446 1411 1509 in
1435 1459 1501 1510 tres
1515 1466 1622 1509 aanor

477 1567 599 1610 moram
617 1546 734 1609 iaceret
750 1547 781 1608 in
794 1545 922 1627 Anglia,
936 1558 969 1608 et
985 1566 1050 1608 noo
1067 1546 1179 1621 exiret,
1196 1545 1266 1609 sine
1281 1546 1412 1612 licentia
1426 1546 1567 1611 consilii.

522 1648 605 1711 ltem
622 1648 770 1732 promisit
792 1648 879 1732 quod
903 1648 973 1732 ipse
1000 1669 1064 1710 non
1089 1647 1262 1711 adduceret
1292 1672 1352 1713 nec
1375 1650 1534 1715 adducere
1548 1670 1627 1735 pro·

476 1762 601 1815 curaret
627 1751 821 1831 alienigenas
846 1752 877 1813 io
902 1772 1034 1829 regnum
1052 1750 1177 1831 Anglic,
1192 1762 1224 1813 et
1241 1752 1267 1814 si
1291 1753 1388 1838 aliqui
1404 1752 1561 1831 venirent,
1591 1764 1628 1819 et

475 1856 546 1939 ipse
561 1876 619 1939 per
634 1854 803 1918 consilium
824 1854 956 1917 Domini
976 1854 1070 1933 liegis
1087 1854 1201 1917 luisset
1216 1854 1291 1918 inde
1306 1854 1520 1939 premunitus,
1534 1852 1626 1938 quod

475 1958 529 2036 ille
554 1957 642 2040 ipsos
670 1978 728 2040 pro
753 1968 824 2019 toto
848 1978 944 2040 posse
974 1978 1034 2017 suo
1058 1968 1267 2039 expugnaret.
1327 1955 1425 2019 Etad
1441 1954 1628 2019 hecomnia

477 2059 614 2122 fideliter
639 2058 840 2121 olnermoda
867 2057 1021 2141 obligarit
1048 2080 1093 2135 sc,
1109 2059 1196 2142 quod
1220 2079 1335 2121 omnes
1350 2069 1434 2121 terre
1450 2079 1518 2135 sue,
1533 2068 1627 2121 tene·

477 2174 597 2239 menta,
609 2162 759 2238 iuniores,
774 2174 807 2225 et
819 2161 1003 2245 dignitates,
1015 2183 1095 2245 quas
1108 2162 1205 2225 tantm
1216 2162 1265 2225 rel
1281 2182 1361 2245 quas
1377 2158 1547 2223 habiturus
1561 2170 1628 2249 est,

476 2266 503 2329 si
519 2277 632 2329 contra
654 2264 793 2348 aliquem
820 2264 860 2327 de
886 2263 1038 2347 predictis
1064 2264 1207 2327 articulis
1232 2267 1366 2339 reniret,
1380 2272 1414 2327 et
1440 2263 1503 2327 lroe
1526 2262 1626 2327 luerit

476 2368 646 2431 manifeste
674 2368 880 2443 declaratum,
897 2367 1108 2430 incurrantur.
1156 2368 1198 2431 tlt
1222 2368 1262 2431 ad
1283 2366 1438 2449 nrajorem
1464 2366 1561 2449 hujus
1577 2366 1625 2431 rei

476 2472 680 2535 securitatem
711 2470 872 2533 Dominus
900 2470 1062 2533 llenricus
1086 2470 1127 2532 de
1143 2470 1333 2534 alemannia
1360 2469 1470 2553 posuit
1484 2490 1519 2531 sc
1534 2466 1626 2533 obsi·

475 2573 560 2645 dem,
576 2585 692 2657 sprote
709 2595 777 2641 sua,
805 2595 863 2656 pro
892 2573 1036 2655 predicto
1066 2574 1208 2637 Domino
1236 2572 1406 2649 bainardo,
1431 2582 1465 2635 et
1489 2592 1561 2633 esse
1588 2570 1624 2635 in

475 2676 622 2739 custodia
651 2676 781 2737 llomioi
812 2675 944 2737 lleorici
972 2676 1011 2736 de
1040 2676 1156 2739 Monte
1186 2676 1273 2739 Forti
1301 2694 1403 2757 usque
1428 2670 1627 2737 adl-'incula

475 2778 584 2839 Sancti
604 2777 709 2851 l’etri;
732 2788 763 2837 ct
781 2777 819 2844 si.
830 2777 971 2851 interim,
981 2777 1095 2860 aliquis
1110 2780 1269 2841 exercitus
1284 2776 1533 2859 alienigenarum
1549 2796 1625 2859 pre·

473 2879 629 2962 paraverit
647 2900 680 2939 se
697 2878 844 2941 veniendi
870 2900 944 2940 cum
972 2880 1068 2941 armis
1084 2881 1116 2942 io
1133 2882 1293 2961 Angliam,
1308 2893 1386 2942 tunc
1400 2878 1485 2942 idem
1503 2876 1626 2941 ilenri-

473 3004 530 3045 cus
546 2980 722 3043 mnsanebit
750 2979 846 3042 obses
872 2980 904 3041 in
930 2981 1042 3042 eadem
1069 2983 1216 3045 custodia
1231 2983 1388 3069 usquead
1404 2983 1522 3044 testum
1538 2980 1624 3044 Om-

473 3086 563 3148 nium
591 3086 782 3146 Snoetorom
806 3084 988 3167 proximum
1017 3107 1155 3167 sequens
1192 3109 1249 3170 pro
1280 3085 1421 3149 llomino
1449 3082 1624 3161 liutwardo,

474 3200 509 3251 ut
533 3188 659 3251 iuterim
687 3188 790 3270 possit
817 3187 902 3255 sciri.
917 3187 1054 3271 (qualiter
1072 3188 1233 3253 llominus
1262 3186 1444 3253 Edwardus
1459 3206 1567 3269 gerere
1584 3206 1623 3251 re

472 3291 608 3354 voluerit
623 3302 734 3353 contra
747 3290 909 3374 predictos
924 3289 1128 3369 alienigenas.

265 3435 274 3479 .·
345 3452 357 3473 ,
380 3454 391 3469 ,,
429 3444 457 3469 ,,,
516 3393 640 3456 Easdem
678 3392 741 3459 die.
778 3392 976 3471 ‹livulgatum
1016 3393 1087 3459 soit.
1124 3394 1210 3478 qucrd
1250 3391 1416 3478 provisum
1451 3400 1513 3461 est,
1545 3390 1623 3473 quin

249 3518 298 3603 ¹¹¹:
320 3518 441 3601 ”⁹⁴:⁰15
473 3496 633 3559 llomious
652 3496 719 3557 llex
735 3508 809 3557 aote
836 3494 971 3579 prelium
996 3496 1036 3557 de
1065 3496 1187 3559 lieo-es
1213 3517 1270 3579 per
1292 3492 1463 3557 masnilium
1486 3513 1622 3559 suorum

296 3586 306 3667 '.
331 3584 418 3667 22..
470 3600 667 3661 ditlidarcrat
694 3600 839 3662 ('omites
863 3600 1065 3663 Glauccstrie
1089 3616 1120 3663 et
1149 3598 1331 3671 leicestrie,
1352 3609 1385 3659 et
1407 3618 1464 3659 eos
1487 3596 1541 3679 qui
1571 3596 1622 3661 eis

250 3693 423 3797 ·Ῐζ·;“”“”·;”
470 3703 675 3769 adlwscruot,
700 3701 785 3784 quod
811 3724 924 3763 ‹rrrrrrcs
950 3701 1039 3764 liberi
1074 3701 1222 3764 lmmioes
1249 3700 1288 3761 de
1315 3720 1413 3779 reguo
1439 3695 1552 3779 ,inglir
1576 3695 1621 3763 de

298 3840 376 3861 ...m
404 3858 407 3863 .
440 3844 443 3851 -
471 3827 555 3865 orm«)
572 3804 686 3865 t'acicot
710 3804 739 3865 ei
757 3805 939 3883 lnrrnngium
956 3817 987 3864 ct
1006 3804 1204 3867 tidclitntem.
1220 3802 1316 3865 salsis
1340 3814 1447 3863 tamen
1464 3797 1621 3861 omnibus

262 3902 308 3931 '''''
335 3896 382 3991 ,'J'
395 3914 407 3987 ζ,
421 3898 435 3915 “’
449 3896 456 3913 ’
469 3907 610 3967 articulis
636 3906 666 3967 in
692 3905 790 3968 literis
807 3907 874 3968 suis
889 3905 1087 3989 obligatoriis
1103 3919 1134 3970 et
1151 3908 1183 3969 in
1200 3905 1299 3969 literis
1316 3904 1449 3968 Donum
1466 3902 1620 3967 Edmdi

467 4010 638 4070 contentis.
