3540 4830
484 491 742 536 vrcacourruu
769 492 1055 539 ιοιιυοιιιιιιιιιιι.
1302 481 1343 538 88

196 649 247 704 tes
261 638 295 704 in
311 640 473 726 Angliam‚
483 642 551 708 sire
567 653 723 709 exeuntes
739 642 902 730 Angliam,
918 645 986 709 ausi
1003 646 1137 710 fuerunt
1147 666 1344 732 expugnare.

198 744 277 821 Qui,
292 768 381 824 vero,
397 746 510 810 Simon
526 760 641 830 postea
655 749 885 812 transfretavit.

237 848 334 911 Anno
356 849 505 926 eodem,
497 872 530 913 ιιι
548 850 728 934 septimana
742 862 817 914 ante
835 851 955 913 Ramos
973 850 1167 928 Palmarum,
1180 848 1344 916 Dominus
1359 875 1477 935 mm
1489 875 1537 922 n,

198 949 375 1014 Edwardus
398 952 519 1037 recepit
540 951 581 1015 ad
602 952 736 1036 gratiam
760 952 893 1015 Domini
918 953 1026 1037 Regis,
1041 954 1142 1038 patris
1160 953 1221 1034 sui,
1247 964 1281 1019 et
1303 955 1423 1064 ad'9⁰⁸.⁴'
1549 1031 1558 1040 Ι

198 1072 301 1130 suam,
331 1075 445 1118 omnes
467 1054 508 1118 de
535 1054 688 1138 Quinque
704 1053 879 1131 Portubus,
908 1065 975 1118 tam
998 1055 1218 1120 malefactores
1247 1079 1342 1141 quarn
1358 1007 1405 1118 tei
1406 1004 1532 1132 mpsim

196 1153 297 1232 alios;
319 1166 353 1220 et
382 1177 574 1221 conoessum
603 1166 654 1220 est
683 1156 731 1220 eis
759 1157 801 1219 ad
831 1156 996 1220 habendas
1033 1179 1148 1222 omnes
1178 1157 1344 1224 libertates

194 1278 319 1336 eorum,
339 1269 373 1322 et
394 1281 508 1324 omnes
531 1269 631 1324 terras
655 1269 689 1324 et
710 1269 896 1323 tenemento
915 1281 1028 1325 eorum
1050 1261 1254 1346 possidenda.
1299 1261 1345 1325 Et

193 1357 340 1424 similiter
368 1382 558 1426 concessum
586 1372 638 1428 est
672 1361 840 1440 militibus,
870 1361 1085 1428 servientibus
1122 1372 1157 1429 et
1191 1363 1344 1428 omnibus

192 1461 274 1539 aliis,
286 1463 341 1547 qui
356 1463 402 1526 eis
417 1464 614 1529 adheserunt
627 1465 660 1529 in
676 1463 918 1549 perturbatione
933 1464 1087 1549 predicta,
1102 1466 1188 1551 quod
1204 1464 1345 1529 habeant

194 1573 229 1627 et
243 1575 376 1628 teneant
396 1566 494 1631 libere
515 1589 628 1630 omnes
644 1565 867 1652 possessiones
891 1576 925 1631 et
947 1574 1058 1641 terras,
1082 1588 1144 1651 que
1170 1576 1264 1630 antee
1287 1567 1344 1630 ha-

192 1665 353 1745 buerunt;
368 1678 402 1732 et
415 1669 548 1734 remisse
571 1680 648 1733 sunt
663 1669 709 1732 eis
724 1690 838 1733 omnes
853 1668 1098 1753 depredationes
1112 1679 1147 1733 et
1160 1668 1344 1746 homicidia,

194 1793 257 1855 que
272 1770 334 1855 ipsi
347 1771 488 1836 fecerant
502 1771 536 1835 in
552 1781 647 1850 terra,
663 1771 779 1836 sivein
795 1772 887 1850 mari,
898 1783 1055 1856 quantum
1070 1771 1143 1850 fuit,
1157 1770 1344 1835 hominibus

194 1872 234 1936 de
250 1894 349 1958 regno
364 1875 491 1959 Anglie,
516 1874 684 1953 Hibemie,
705 1874 873 1951 Schochie,
888 1874 1016 1952 Wallie‚
1030 1885 1064 1940 et
1078 1873 1258 1951 Vasconie3
1281 1895 1344 1958 que

194 1974 317 2039 scilicet
331 1984 414 2040 terre
430 1986 578 2062 spectant
592 1976 633 2040 ad
645 1976 833 2060 dignitatem
846 1976 980 2040 Domini
993 1976 1100 2060 Regis.
1131 1975 1177 2039 Et
1187 1975 1214 2038 si
1229 1974 1344 2060 aliquis

196 2077 236 2141 de
261 2076 332 2141 aliis
350 2079 443 2141 terris
458 2101 555 2163 quam
577 2079 618 2144 de
641 2078 835 2164 supradictis
849 2078 929 2143 velit
950 2101 1042 2165 agere
1057 2099 1171 2143 versus
1189 2077 1280 2162 ipsos
1304 2078 1344 2141 de

194 2179 479 2264 depredationibus
494 2181 541 2245 eis
556 2181 660 2259 sactis,
672 2202 730 2246 seu
742 2180 782 2245 de
793 2180 975 2245 homicidiis
990 2180 1082 2245 factis
1091 2180 1344 2264 consangwineis

194 2304 318 2361 eorum,
329 2284 438 2347 veniat
452 2283 486 2348 in
501 2284 588 2348 curia
603 2284 822 2368 predictorum
838 2282 991 2368 Quinque
1008 2283 1176 2361 Portuum,
1187 2294 1222 2349 et
1235 2282 1280 2347 ibi
1295 2304 1345 2346 re-

194 2385 292 2469 cipiat
313 2386 488 2471 justiciam.
533 2386 592 2451 Set
619 2408 683 2472 qua
708 2386 832 2450 ratione
857 2385 909 2450 vel
932 2385 1124 2451 necessitate
1153 2384 1213 2449 hec
1235 2384 1344 2449 omnia

193 2489 337 2572 predicta
351 2488 398 2551 eis
413 2509 565 2553 concessa
580 2499 667 2565 sunt,
683 2488 802 2553 nescio.

238 2592 290 2655 De
304 2589 489 2676 Episcopis,
504 2591 559 2675 qui
574 2599 708 2676 propter
722 2589 976 2656 inobedientiam
992 2588 1084 2655 missi
1100 2600 1178 2654 sunt
1193 2590 1342 2668 Romam,
1356 2601 1392 2648 D«
1406 2601 1532 2665 episeopo

193 2715 260 2758 non
289 2704 341 2758 est
369 2692 431 2759 sub
461 2693 589 2758 silentio
618 2693 880 2776 pretereundum.
939 2692 1050 2767 Quod
1081 2694 1150 2778 jam
1186 2714 1272 2757 anno
1308 2682 1380 2757 et*-
1356 2732 1417 2776 Μ
1378 2666 1563 2778 ω”ᾗᾞ

192 2795 327 2860 dimidio
356 2795 478 2880 elapso,
507 2816 582 2859 cum
621 2795 745 2879 Regina
780 2793 910 2879 Anglie,
948 2795 1063 2859 Petrus
1098 2795 1139 2859 de
1176 2794 1417 2907 Sauweyam
1352 2803 1467 2857 ΜΨ·
1458 2796 1562 2844 ‘M-

193 2898 315 2963 Comes
330 2898 516 2976 Warennie‚
533 2897 631 2982 Hugo
655 2897 763 2982 Bigot,
786 2908 820 2961 et
840 2897 1086 2962 innumerabilis
1101 2898 1243 2983 populus
1258 2869 1417 2961 mili-‘⁸³¹⁶

191 3012 262 3065 tum
277 3010 312 3065 et
326 3001 546 3079 servientium,
561 3022 636 3065 cum
651 3022 769 3085 magna
792 3000 905 3079 classe,
920 3001 1090 3065 fuissent
1082 3022 1116 3064 ιιι
1144 3000 1294 3065 Flandria
1308 3012 1342 3066 et

191 3114 432 3189 proposuerunt
455 3102 565 3167 venire
590 3102 625 3166 in
651 3102 839 3188 Angliam
831 3124 865 3166 m
895 3124 994 3166 manu
1024 3102 1129 3166 valida
1157 3113 1191 3167 et
1219 3113 1342 3166 armam

192 3224 289 3287 super
315 3203 480 3267 Comitem
505 3204 680 3269 leicestrie
705 3216 740 3269 et
764 3204 939 3290 complices
964 3226 1054 3282 suos,
1078 3204 1201 3289 legatus
1225 3205 1340 3283 Rome,

192 3307 248 3392 qui
264 3326 350 3369 nunc
364 3316 417 3369 est
427 3307 526 3391 Papa,
540 3315 620 3369 tunc
635 3305 780 3386 existens
794 3306 828 3370 in
844 3305 992 3390 partibus
1006 3305 1080 3384 illis,
1096 3305 1270 3384 sentenltis
1284 3327 1340 3371 ex·
1346 3329 1387 3389 ss,
1399 3328 1431 3377 as
1442 3336 1476 3378 ιο,

191 3406 493 3474 communicationis
519 3407 688 3471 innodavit
713 3407 836 3471 dictum
868 3407 1042 3484 Comitem,
1072 3416 1106 3471 et
1134 3426 1249 3469 omnes
1278 3406 1340 3471 sibi

191 3512 382 3578 adherentes
407 3511 442 3573 in
468 3519 639 3595 prenotata
664 3510 906 3595 perturbatione
934 3508 1023 3594 regni
1048 3505 1176 3589 Angue,
1204 3516 1238 3569 et
1262 3506 1340 3570 sub·

188 3616 301 3703 posuit
316 3613 489 3678 Civitatem
506 3612 749 3677 Londoniarum
764 3611 979 3676 melesiastico
991 3609 1163 3674 interdicto
1177 3618 1211 3672 et
1225 3629 1340 3674 omnes

188 3731 223 3785 et
251 3718 322 3781 loca
350 3716 428 3780 dicti
459 3714 598 3779 Comitis
626 3723 661 3777 et
690 3712 751 3777 sibi
779 3712 1002 3778 adherentium
1014 3735 1025 3791 3
1050 3722 1085 3775 et
1112 3711 1176 3774 hoc
1197 3710 1340 3795 injunxit

189 3821 382 3910 quibusdam
399 3817 572 3904 Episcopis
587 3817 702 3901 Anglie
711 3815 830 3881 ibidem
843 3814 1059 3881 existentibus
1081 3825 1118 3877 ut
1131 3813 1250 3877 dictem
1267 3835 1340 3878 sen-

187 3924 321 3989 tentiam
332 3944 424 3985 suam
436 3931 469 3985 et
480 3920 660 4005 predictum
670 3917 877 3982 interdictum
887 3938 946 4002 per
959 3927 1062 3981 totam
1074 3915 1223 4001 Angliam
1235 3915 1340 3981 dirui.

187 4038 310 4113 garant.
354 4026 401 4089 Et
426 4023 502 4108 quia
524 4022 587 4107 ipsi
613 4022 676 4086 hoc
699 4043 766 4086 non
788 4020 945 4099 iecerunt,
961 4018 1166 4098 Octobonus,
1181 4018 1237 4103 qui
1251 4040 1340 4086 nunc

188 4142 240 4196 est
255 4132 397 4217 Legatus
411 4130 527 4209 Rome,
541 4127 619 4194 fecit
632 4128 724 4213 ipsos
738 4125 849 4191 restire
862 4147 971 4192 eoram
987 4146 1022 4191 se
1036 4123 1124 4211 apud
1139 4122 1339 4205 londonia,
