3540 4830
449 445 704 495 vrcscorrrruu
732 445 1016 492 nosnoaraaorr.
1245 431 1308 488 149

158 604 327 667 facultates
343 623 400 666 sue
416 602 610 680 sufficerent,
624 595 763 664 fuissent
777 598 877 663 asessi
898 597 932 661 in
947 594 1092 682 prestitis
1107 604 1201 660 antea
1215 596 1309 661 iactis

158 698 1309 789 adredemptionemCivitatisversusDominumRegemaoquietandam.

160 807 243 882 Qua,
259 805 391 884 scilicet,
407 805 559 869 relaxatio
571 816 605 869 et
619 803 766 868 remissio
781 804 865 868 facta
879 802 942 866 fuit
956 823 1014 887 per
1028 801 1115 865 viros
1127 802 1252 885 juratos
1268 799 1309 864 de

159 909 288 972 visneto
304 918 337 971 et
352 908 392 970 de
408 907 521 971 officiis
537 908 677 985 illorum,
692 906 810 991 quibus
826 905 973 971 remissio
994 905 1078 970 iacta
1101 904 1182 984 iuit3
1205 913 1239 967 et
1264 903 1310 966 ita

159 1021 269 1095 aperte
299 1020 333 1074 et
358 1010 510 1074 distincte
540 1010 752 1074 inrotulatum
776 1019 828 1073 est
856 1008 891 1072 in
912 1007 1028 1073 rotulis
1052 1006 1308 1072 camerariorum

160 1113 320 1188 Civitatis,
351 1111 407 1197 qui
437 1113 560 1176 scilicet
584 1112 682 1175 rotuli
711 1108 834 1174 habent
862 1110 1043 1175 recordum.
1103 1109 1148 1173 Et
1176 1108 1310 1192 insuper

160 1216 323 1278 Dominus
341 1216 410 1279 Rex
427 1237 486 1300 pro
509 1214 703 1300 quibusdam
727 1215 768 1278 de
793 1212 857 1277 illis
883 1233 988 1298 nuper
1011 1211 1182 1298 scripserat
1204 1211 1309 1275 eidem

162 1315 280 1380 Maiori
291 1325 325 1379 et
335 1315 590 1381 vicecomitibus
606 1315 861 1392 londoniarum,
876 1323 915 1377 ut
928 1313 992 1399 ipsi
1007 1313 1160 1378 iecissent
1175 1313 1311 1377 scrutari

162 1417 324 1502 predictos
340 1418 476 1496 rotulos,
491 1427 525 1483 et
547 1440 588 1482 ne
603 1427 717 1482 contra
739 1413 1003 1481 inrotulationem
1018 1414 1052 1478 in
1068 1415 1115 1479 eis
1127 1423 1313 1480 contentam

161 1519 251 1604 ipsos
267 1529 437 1603 gravarent
451 1520 503 1584 vel
517 1520 640 1603 gravari
655 1518 890 1604 permitterent.

206 1621 264 1684 Set
289 1631 397 1684 tamen
428 1621 481 1685 ille
512 1621 620 1685 Maior
646 1630 760 1684 contra
782 1618 960 1703 predictam
990 1618 1253 1683 inrotulationem
1282 1627 1318 1683 et

163 1734 275 1787 contra
289 1723 480 1787 mandatum
496 1724 631 1788 Domini
658 1723 756 1808 Regis
779 1746 799 1786 a
824 1722 978 1807 predictis
1003 1721 1140 1786 Civibus
1166 1743 1315 1807 magnam

161 1824 332 1910 pecuniam
348 1825 531 1910 extorqueri
544 1824 728 1902 nitebatur3
750 1834 784 1889 et
799 1845 928 1911 semper
952 1825 1104 1910 promisit
1118 1833 1153 1889 et
1171 1825 1205 1888 in
1228 1823 1315 1888 bona

162 1927 226 1990 fide
241 1927 413 1990 affirmavit
428 1928 573 2013 predicto
584 1926 720 2011 populo,
736 1925 820 1990 sicut
835 1925 1050 2011 prescriptum
1077 1936 1147 2006 est;
1171 1925 1234 2004 cui,
1260 1925 1313 1990 ille

161 2029 302 2113 populus
317 2029 452 2093 credens
466 2051 580 2093 verum
603 2030 673 2114 ipse
695 2028 783 2113 quod
799 2028 1001 2114 promiserat,
1016 2030 1045 2093 ei
1061 2029 1258 2093 adheserunt
1279 2038 1314 2092 et

163 2131 384 2195 submiserunt
396 2153 430 2195 se
442 2132 601 2196 voluntati
616 2154 695 2209 sue3
718 2131 763 2195 ita
785 2131 873 2216 quod
898 2131 962 2216 ipsi
986 2152 1044 2217 per
1066 2140 1230 2211 centenos,
1254 2151 1313 2217 per

163 2234 322 2313 millenos,
337 2243 371 2298 et
385 2256 444 2318 per
458 2235 698 2298 multitudinem
715 2234 897 2312 hominum,
912 2256 1050 2319 quorum
1059 2245 1187 2300 nonest
1198 2256 1311 2299 nume·

163 2359 228 2414 rus,
244 2337 326 2421 pede
339 2348 372 2400 et
383 2359 467 2422 equo
478 2340 517 2401 ad
533 2337 721 2401 mandatum
737 2357 918 2401 suumeum
932 2336 1157 2421 sequebantur.

208 2439 247 2500 ln
265 2439 409 2522 predicto
424 2461 500 2502 vero
515 2441 600 2503 festo
624 2439 767 2503 Simonis
782 2448 816 2503 et
830 2439 929 2518 Jude,
950 2438 1086 2523 predicti
1101 2438 1312 2504 Aldermanni

163 2549 196 2602 et
207 2541 253 2603 eis
264 2540 455 2605 adherentes
471 2563 545 2604 cum
560 2542 726 2607 venissent
741 2564 848 2607 coram
864 2541 1009 2607 Domino
1020 2542 1108 2626 Rege
1121 2554 1155 2607 et
1167 2541 1313 2606 Consilio

164 2663 233 2719 suo,
250 2641 334 2705 sicut
344 2643 558 2726 prescriptum
571 2654 633 2721 est,
643 2644 856 2708 ostenderunt
870 2643 928 2721 eis,
939 2643 1078 2727 granta
1087 2642 1314 2728 conquerendo

164 2743 301 2826 qualiter
315 2743 368 2807 ille
383 2745 524 2829 populus
539 2766 614 2808 cum
629 2744 751 2809 viribus
776 2745 844 2809 suis
869 2745 1028 2809 violenter
1050 2754 1084 2808 et
1108 2744 1228 2828 injuste
1254 2745 1315 2807 im-

164 2844 337 2929 pediebant
353 2847 543 2911 electionem
559 2869 681 2926 eorum,
698 2847 739 2910 ad
763 2869 856 2932 quos,
879 2847 1011 2926 scilicet,
1037 2847 1152 2911 electio
1179 2846 1315 2911 Maioris

163 2957 196 3010 et
206 2947 442 3011 Vicecomitum
454 2949 488 3012 in
505 2948 645 3013 Civitate
657 2949 758 3035 magis
773 2971 870 3034 quam
885 2949 926 3013 ad
941 2950 1065 3035 aliquos
1081 2950 1160 3014 alios
1175 2950 1316 3035 pertinet

164 3051 203 3113 de
212 3051 307 3133 jure(
319 3060 352 3112 et
363 3072 492 3134 semper
502 3052 663 3135 pertinere
674 3054 853 3118 consuevit.
877 3052 922 3117 Et
930 3063 1125 3138 rogaverunt
1136 3053 1314 3117 Dominum
1320 3070 1359 3129 so.
1373 3066 1419 3116 182
1430 3072 1465 3114 ν’.

166 3154 286 3234 Regem
298 3163 331 3215 et
347 3153 528 3215 Consilium
545 3175 640 3217 suum
652 3154 779 3232 devote,
790 3165 826 3217 ut
841 3153 911 3217 Rex
921 3153 1018 3218 vellet
1029 3153 1141 3217 adhoc
1149 3152 1316 3218 brachium

165 3275 260 3314 suum
291 3263 324 3316 et
349 3275 483 3316 manum
510 3276 602 3318 suam
629 3277 803 3340 apponere,
827 3276 868 3318 ne
891 3255 944 3318 ille
968 3254 1110 3339 populus
1135 3276 1255 3319 vocans
1281 3276 1317 3319 se

165 3354 382 3417 Communem
408 3355 568 3432 Civitatis,
593 3366 627 3418 et
652 3356 816 3440 excipiens
839 3355 1076 3418 Aldermannos
1098 3364 1133 3419 et
1158 3354 1316 3418 discretos

163 3456 250 3518 viros
267 3455 429 3534 Civitatis,
444 3477 479 3519 se
494 3456 619 3540 erigant
634 3465 745 3519 contra
766 3477 879 3540 pacem
902 3477 1006 3532 suam,
1021 3463 1056 3518 et
1069 3464 1182 3518 contra
1204 3475 1317 3538 pacem

164 3557 252 3641 regni
269 3557 330 3634 sui,
347 3557 431 3619 sicut
442 3558 621 3641 contigerat
633 3567 778 3643 tempore
794 3556 932 3620 Comitis
948 3556 1144 3641 leycestriq
1157 3555 1318 3635 videlicet,

164 3660 293 3745 quando
308 3660 451 3723 'l'homas
467 3659 552 3722 tilius
568 3659 705 3735 Thome,
720 3670 753 3722 et
772 3659 915 3721 'l'homas
931 3658 971 3722 de
988 3657 1183 3722 Pullesdona
1197 3657 1242 3721 ita
1264 3680 1320 3722 ex-

164 3764 319 3827 altaverat
349 3762 507 3847 populum
539 3761 689 3824 Civitatis
720 3761 804 3825 ultra
833 3760 1071 3824 Aldermaunos
1101 3770 1135 3824 et
1163 3759 1320 3823 discretos

166 3866 328 3943 Civitatis,
350 3864 447 3949 quod,
464 3863 593 3948 quando
610 3883 740 3926 necesse
754 3862 826 3938 fuit,
841 3861 949 3946 ipsum
965 3862 1124 3947 populum
1146 3884 1212 3927 nou
1228 3873 1321 3948 pote·

169 3980 242 4031 rant
261 3968 458 4053 justificare3
481 3987 626 4051 perque,
651 3965 735 4029 sicut
757 3965 919 4030 notorium
941 3975 993 4031 est
1015 3975 1086 4032 toto
1101 3967 1236 4044 mundo,
1250 3976 1322 4031 orta

169 4084 218 4135 cst
235 4073 378 4136 mortalis
394 4092 506 4154 guerra
524 4071 556 4134 in
572 4069 697 4154 Anglia.
