3540 4830
737 426 914 470 rnurncs.
1357 410 1428 472 cciii

224 577 387 655 September
401 577 575 656 following*
590 588 619 636 to
634 579 706 636 bave
720 577 764 635 his
777 597 831 654 age
852 578 964 654 proved,
987 579 1016 635 in
1031 579 1115 636 order
1128 588 1158 637 to
1172 579 1237 638 take
1250 600 1288 657 up
1302 581 1350 639 the
1364 602 1426 639 suc-

221 677 329 734 oession
350 683 380 733 to
402 675 449 732 his
472 676 596 752 patemal
616 677 671 733 and
685 675 821 734 maternal
837 676 1018 744 inheritance,
1032 676 1123 734 which
1138 676 1194 734 bad
1208 698 1269 734 now
1284 679 1354 736 been
1369 688 1429 736 cast

221 792 296 850 upon
310 773 377 830 him.
419 772 482 830 The
505 774 649 849 following
673 773 770 829 record
793 792 892 848 proves
915 772 977 830 that
996 773 1044 831 the
1066 773 1145 850 King
1167 782 1215 852 yet
1234 776 1383 833 continued
1397 785 1428 834 to

224 870 349 927 exercise
369 870 448 946 regal
462 868 615 947 authority,
629 870 684 926 and
699 871 721 926 it
735 890 791 926 was
805 870 873 946 only
887 870 916 926 in
942 869 990 927 the
1008 870 1153 948 following
1174 872 1272 929 month
1297 872 1359 930 that
1378 872 1426 929 the

224 965 311 1024 Duke
321 966 355 1023 of
366 965 445 1024 York
459 966 573 1023 avowed
587 966 631 1022 his
645 966 728 1022 claim
741 976 771 1023 to
782 965 829 1022 the
840 984 943 1021 crown.

265 1063 397 1120 Probatio
411 1063 492 1119 etatis
507 1062 642 1120 Willelmi
658 1063 815 1121 Beaumont
830 1061 935 1127 militis,
954 1061 1069 1120 Domini
1096 1064 1131 1121 de
1157 1065 1285 1131 Bardolf,
1305 1065 1354 1122 filii
1374 1067 1426 1125 Jo-

225 1158 327 1218 bauuis
354 1177 445 1234 nuper
468 1158 648 1216 Vioecomitis
674 1160 829 1216 Beuumont
849 1169 878 1217 et
899 1159 1063 1218 Elisabethe
1085 1163 1179 1219 uxoris
1202 1163 1264 1239 ejus
1287 1163 1426 1230 defuncte,

223 1256 422 1331 consanguinei
437 1264 464 1311 et
478 1254 588 1312 heredia
602 1254 742 1323 Johanne,
758 1257 879 1313 Domine
894 1257 928 1314 dc
949 1256 1075 1323 Bardolf‚
1099 1259 1237 1326 videlicet,
1259 1259 1308 1316 filii
1333 1260 1426 1318 Eliza·

222 1352 305 1410 betbe
331 1352 389 1409 filie
412 1352 534 1428 predicte
560 1352 699 1418 Johanne,
724 1373 757 1410 ae
785 1355 984 1429 consanguinei
1009 1363 1037 1411 et
1059 1355 1169 1412 heredis
1191 1358 1275 1413 Anne
1297 1377 1351 1433 que
1372 1358 1427 1416 fuit

223 1468 294 1506 uxor
317 1449 465 1525 Reginaldi
490 1449 619 1510 Cobham
647 1451 753 1516 militis,
780 1451 910 1508 videlicet
936 1451 986 1507 filii
1010 1451 1172 1509 Elizabetbe
1199 1452 1255 1509 filie
1278 1453 1351 1511 dicte
1375 1455 1426 1513 Jo-

223 1545 315 1604 haunc
329 1546 431 1604 sororis
458 1545 582 1621 ejusdem
599 1548 692 1612 Anne,
707 1546 735 1601 in
757 1547 835 1603 brevi
857 1546 922 1603 huic
946 1547 1118 1622 inquisitioni
1140 1558 1257 1605 consuto
1282 1550 1426 1616 nominati,

257 1797 273 1827 θ
288 1796 339 1842 'l‘be
352 1797 471 1843 writisaa
482 1797 572 1842 follows
582 1800 638 1843 :—“
648 1797 776 1853 hienricus,
791 1797 837 1844 Dei
856 1797 933 1858 gratia
945 1797 996 1843 Rex
1017 1799 1104 1859 Anglie
1121 1806 1145 1845 et
1163 1799 1263 1844 Francia
1275 1806 1299 1846 et
1311 1801 1428 1847 Dominus

226 1875 353 1935 Hibernia,
375 1877 494 1925 Esoaetori
512 1893 555 1923 suo
572 1879 597 1925 in
616 1881 730 1925 comitatu
748 1879 880 1936 Lincolnie,
899 1880 1007 1927 salutem.
1047 1881 1109 1936 Quia
1127 1881 1263 1926 Willelmus
1286 1883 1427 1937 Beaumont‚

227 1959 303 2016 miles,
333 1960 451 2006 Dominus
480 1960 585 2017 Bardoll‚
612 1961 676 2007 illius
703 1959 821 2008 Johannis
847 1976 924 2021 nuper
950 1962 1101 2008 vicecomitis
1131 1963 1273 2019 Beanmont,
1301 1970 1325 2010 et
1349 1964 1426 2010 Elisa

224 2039 295 2086 bathe
305 2040 388 2085 uxoris
399 2040 450 2100 ejus
461 2039 581 2095 defuncte,
593 2042 783 2101 consanguineus
799 2047 823 2087 et
842 2041 911 2087 heres
926 2042 1045 2095 Johanne,
1064 2042 1166 2088 Domine
1178 2044 1208 2088 do
1221 2043 1327 2100 Burdoll,
1338 2058 1385 2102 que
1397 2046 1427 2090 de

224 2121 293 2168 nobis
312 2122 390 2167 tenuit
411 2121 437 2166 in
459 2122 543 2180 capite,
566 2122 605 2167 die
622 2137 671 2181 quo
694 2123 760 2178 obiit,
786 2123 903 2178 videlicet,
931 2124 994 2169 illius
1021 2124 1167 2178 Elisabetbe,
1188 2125 1236 2170 lilio
1256 2126 1363 2184 predicte
1382 2126 1424 2172 Jo-

223 2202 310 2258 baune,
326 2217 354 2248 so
371 2203 562 2262 consanguineus
579 2210 602 2249 et
619 2203 686 2249 heres
703 2205 783 2257 Anne,
796 2218 844 2262 que
861 2206 907 2250 tuit
924 2220 986 2249 uxor
1004 2205 1130 2264 Reginaldi
1147 2205 1255 2252 Cobham
1274 2207 1363 2261 militis,
1379 2221 1426 2264 que

224 2283 332 2330 similiter
343 2284 421 2331 tenuit
432 2283 463 2327 de
475 2285 542 2328 nobis
560 2285 584 2329 in
602 2285 678 2343 capite
695 2286 734 2329 die
751 2300 799 2342 quo
816 2286 882 2340 obiit,
894 2285 1003 2330 videlicet
1014 2286 1077 2330 iilius
1090 2286 1235 2340 Elizabethe,
1247 2287 1296 2332 filie
1308 2288 1371 2332 dicte
1382 2285 1426 2333 Jo-

225 2364 314 2418 hanne,
321 2364 407 2411 aeroma
418 2363 523 2423 ejusdem
533 2364 613 2418 Anno,
622 2364 680 2409 dicit
691 2378 715 2408 se
726 2364 796 2422 plene
807 2365 875 2409 etatis
886 2379 935 2409 esse
946 2372 969 2409 et
980 2366 1040 2423 petit
1049 2365 1079 2410 de
1091 2367 1158 2410 nobis
1169 2371 1242 2410 terras
1250 2372 1274 2410 et
1284 2373 1428 2422 tenemenu,

223 2461 271 2506 que
281 2451 337 2492 sunt
349 2445 379 2491 de
390 2445 521 2490 hereditate
532 2460 575 2490 sua
585 2452 609 2490 et
624 2445 648 2489 in
663 2445 771 2490 custodia
781 2445 899 2489 Johannis
911 2445 1063 2490 Vicecomitis
1076 2445 1209 2491 Beaumont
1221 2461 1251 2491 ex
1263 2447 1427 2494 commissione

222 2532 308 2584 nostra,
320 2527 363 2571 sibi
376 2527 455 2581 reddi;
465 2541 508 2586 per
519 2527 584 2585 quod
597 2526 707 2571 volumus
724 2527 788 2584 quod
806 2526 869 2570 idem
886 2524 1029 2580 Willelnrus,
1041 2527 1083 2585 qui
1095 2528 1159 2585 apud
1173 2527 1302 2573 Edenham
1315 2528 1339 2573 in
1351 2530 1426 2574 eomi-

221 2615 272 2656 atu
287 2609 395 2671 predicto
406 2616 475 2654 natus
486 2616 510 2655 et
522 2610 546 2654 in
558 2608 657 2655 eeclesia
672 2609 778 2668 ejusdem
791 2608 846 2653 ville
864 2608 996 2667 baptizatus
1007 2608 1060 2662 tuit,
1073 2615 1100 2654 ut
1112 2610 1178 2665 dicit,
1190 2616 1276 2656 etatem
1288 2625 1355 2656 suam
1371 2626 1424 2670 pro·

221 2691 262 2737 bat
273 2704 351 2736 eoram
362 2697 395 2737 te.
431 2691 462 2736 Et
474 2691 527 2736 ideo
539 2692 581 2737 tibi
594 2691 738 2750 precipimus
750 2691 814 2749 quod
826 2691 856 2735 au
869 2697 945 2735 certos
956 2691 1020 2736 diem
1040 2698 1064 2737 et
1080 2692 1167 2747 locum,
1179 2708 1238 2752 quos
1252 2693 1282 2738 ad
1294 2693 1338 2738 hoc
1350 2694 1427 2752 prori-

222 2771 292 2826 deris,
303 2773 470 2831 probacionem
480 2773 610 2831 predictam
622 2786 665 2831 per
675 2777 849 2817 sacramentum
870 2776 918 2816 tarn
936 2771 1039 2816 militum
1052 2786 1123 2830 quam
1144 2773 1245 2818 aliorum
1263 2774 1390 2832 proborum
1403 2781 1427 2820 et

223 2851 334 2912 legalium
346 2853 470 2899 hominum
482 2854 512 2900 de
523 2855 636 2900 comitatu
655 2855 771 2913 predicto,
790 2867 832 2912 per
849 2867 908 2914 quos
925 2853 1036 2911 probacio
1048 2852 1089 2897 illa
1100 2854 1152 2912 capi
1165 2861 1188 2900 et
1200 2855 1285 2900 veritas
1296 2856 1364 2901 etatis
1375 2871 1427 2916 pre-

223 2934 286 2979 dicte
297 2935 382 2980 melius
392 2935 446 2980 sciri
458 2942 535 2995 posset
546 2942 570 2981 et
582 2936 679 2996 inquiri,
692 2936 778 2994 capias.
815 2934 845 2979 Et
856 2935 916 2979 sciro
933 2934 1003 2979 iacias
1019 2935 1109 2994 prelato
1127 2935 1234 2980 Johanni
1251 2937 1315 2994 quod
1328 2944 1385 2983 tunc
1397 2939 1427 2983 sit

223 3015 311 3061 ibidem
323 3017 353 3061 ad
365 3017 549 3073 ostendendum,
560 3018 580 3062 si
592 3018 650 3076 quid
662 3033 706 3076 pro
717 3032 741 3062 se
753 3017 838 3061 habeat
850 3016 886 3062 rel
899 3016 976 3061 dicere
994 3017 1052 3061 sciat
1064 3031 1137 3074 quare
1156 3017 1245 3075 prelato
1258 3017 1388 3073 Willelmo,
1400 3026 1428 3065 ut

224 3097 267 3153 illi,
279 3113 326 3157 que
337 3099 407 3158 plene
418 3100 486 3145 etatis
498 3105 540 3155 est,
551 3100 570 3144 si
583 3099 651 3158 plene
663 3100 731 3144 etatis
742 3099 780 3154 sit,
792 3104 865 3143 terras
882 3104 906 3143 et
923 3104 1058 3142 tenementa
1077 3097 1184 3155 predicta
1201 3113 1257 3143 cum
1278 3099 1428 3157 pertinentiis

223 3180 322 3226 reddere
334 3196 382 3226 non
394 3180 531 3226 debeamus.
567 3180 599 3225 Et
610 3181 777 3239 probacionem
790 3180 853 3225 illam
865 3181 898 3223 sio
910 3186 1004 3237 captam
1019 3178 1088 3223 nobis
1101 3180 1124 3223 in
1137 3179 1280 3224 cancellaria
1292 3187 1371 3225 nostra
1381 3181 1426 3226 sub

221 3261 298 3321 sigillo
314 3276 357 3306 suo
374 3267 398 3305 et
413 3261 504 3320 sigillis,
523 3275 566 3319 per
582 3276 642 3319 quos
662 3262 723 3306 iacta
742 3262 821 3314 luerit,
837 3261 889 3304 sino
908 3260 1021 3305 dilatione
1040 3261 1119 3304 mittas
1138 3267 1162 3305 et
1181 3261 1226 3304 boc
1245 3260 1324 3305 breve.
1359 3260 1428 3306 Teate

224 3344 313 3399 meipso
324 3342 388 3400 apud
401 3341 638 3387 westmonasterium
649 3343 754 3388 secundo
766 3344 805 3387 die
817 3341 963 3401 Septembris
974 3355 1037 3385 anno
1049 3342 1116 3399 rcgni
1128 3342 1201 3386 nostri
1211 3341 1328 3386 tricesimo
1337 3343 1429 3386 nono.”

223 3422 300 3466 There
318 3422 337 3464 is
355 3421 404 3465 also
424 3422 471 3466 this
490 3422 656 3468 endorsement
674 3439 704 3468 on
727 3424 775 3468 this
795 3422 1049 3468 briei:-‘⁴Exccutio
1067 3422 1134 3466 istius
1153 3423 1298 3480 probationis
1317 3429 1381 3480 patet
1401 3422 1426 3466 in

224 3503 328 3565 quadam
344 3504 482 3560 probatione
498 3504 554 3547 huic
572 3505 637 3548 brevi
657 3511 756 3549 consuta
767 3507 789 3560 ;'⁸
806 3504 853 3549 and
871 3503 956 3556 below,
975 3510 990 3527 ‘⁸
1001 3503 1032 3548 Et
1044 3502 1143 3546 ulterius
1161 3503 1225 3546 vobis
1241 3502 1345 3546 certifico
1360 3503 1425 3560 quod

223 3585 385 3642 infrascriptus
394 3583 515 3628 Johannes
527 3584 664 3629 vicecomes
675 3592 782 3630 mortuus
794 3593 833 3631 est.
871 3585 987 3629 Ricardus
997 3583 1155 3641 Fysahchurn,
1164 3584 1274 3642 armiger,
1286 3583 1426 3632 llacaetor.⁸'

225 3666 309 3713 Hence
321 3666 361 3710 the
372 3666 499 3723 Severeign
512 3680 544 3724 up
556 3672 580 3709 to
593 3665 707 3710 thistime
728 3681 775 3710 was
794 3666 917 3710 uncertain
930 3672 991 3709 asto
1003 3664 1043 3709 thc
1055 3664 1140 3709 lateoi
1157 3665 1193 3709 his
1203 3664 1427 3722 gallantadherent,

225 3749 273 3793 and
285 3763 310 3793 aa
325 3748 371 3792 this
382 3748 452 3806 proof
461 3747 487 3792 oi
498 3761 541 3806 ago
554 3761 601 3790 was
613 3746 732 3791 delivered
745 3748 794 3791 into
806 3747 846 3791 the
858 3745 933 3792 Court
943 3747 970 3791 oi
979 3745 1102 3803 Chanccry
1114 3762 1145 3791 on
1157 3746 1198 3792 the
1209 3745 1267 3791 ‘zoth
1279 3747 1325 3805 day
1333 3749 1359 3793 of
1370 3747 1426 3809 Sep-

224 3833 322 3887 tember,
334 3831 364 3876 39
378 3830 441 3875 ch.
456 3829 498 3874 Vl.
511 3830 541 3888 by
553 3828 593 3874 the
605 3829 681 3874 hands
698 3829 725 3873 oi
742 3828 849 3873 William
863 3826 966 3880 Bellord,
980 3829 997 3872 it
1010 3827 1088 3872 would
1107 3828 1161 3887 only
1174 3830 1202 3872 be
1214 3843 1244 3873 on
1257 3829 1308 3875 that
1320 3830 1364 3890 day
1376 3832 1428 3880 that

225 3912 264 3958 the
276 3914 341 3959 truth
354 3913 380 3958 oi
389 3913 426 3957 his
435 3913 507 3972 being
518 3911 577 3957 alain
592 3927 638 3956 was
649 3912 754 3956 certificd
767 3918 791 3956 to
803 3911 839 3955 his
851 3909 987 3970 Sorcreign.

256 3995 270 4052 †
290 3994 663 4055 Folkingham,amnrlret-town
682 3995 728 4039 and
747 3993 825 4054 parish
844 3993 868 4037 in
888 3992 928 4038 tho
947 3991 1057 4038 hundred
1076 3993 1102 4037 oi
1121 3993 1240 4048 Aveluntl,
1258 3997 1359 4053 partsoi
1370 3997 1426 4042 lies·

224 4082 300 4129 leven,
313 4078 484 4131 Lincolnshire,
500 4094 545 4122 n'as
562 4077 610 4122 also
623 4078 662 4122 thc
674 4078 717 4122 sitc
729 4078 755 4122 oi
770 4077 875 4127 acautlc.
888 4076 975 4129 which,
987 4076 1047 4121 nitor
1059 4077 1130 4137 hcing
1142 4077 1181 4122 the
1193 4078 1278 4137 capital
1290 4086 1338 4124 seat
1352 4079 1378 4123 oi
1387 4080 1426 4124 tha
