3540 4830
564 442 627 499 tto
922 451 1084 498 caosrca
1108 450 1285 497 »sesostris
1310 450 1357 497 ιτ

649 605 772 669 Littera
796 605 930 668 Domini
956 602 1107 667 Edmdi
1129 602 1170 667 de
1192 624 1278 667 nors
1299 602 1547 669 consuetudine
1571 602 1717 671 Clvibn

691 706 896 771 remittenda.

604 808 793 884 Edwardus‚
809 807 942 871 illustris
966 805 1063 889 Regis
1085 806 1202 890 Anglie
1223 806 1471 892 primogenitus,
1484 806 1647 873 universis
1669 808 1714 875 sd

559 933 641 994 quos
657 919 823 993 presentes
838 909 944 973 littere
959 908 1175 992 pervenerint,
1190 908 1328 973 salutem
1342 908 1377 973 in
1393 909 1548 974 Domino.
1591 908 1714 977 Scissis

560 1034 619 1074 nos
635 1010 833 1076 concessisse
849 1022 882 1075 et
897 1009 1040 1094 presenti
1061 1010 1182 1094 scripto
1197 1020 1310 1074 nostro
1325 1008 1534 1075 confirmasse
1548 1010 1713 1077 nnis-ersis

559 1125 592 1177 et
607 1114 741 1197 singulis
759 1112 895 1176 Civibus
911 1111 1166 1189 Londoniarum,
1182 1112 1269 1195 quod
1292 1112 1384 1177 liberi
1405 1124 1441 1178 et
1460 1112 1562 1199 quieti
1576 1114 1644 1177 siut
1660 1114 1712 1181 its·

559 1227 751 1301 perpetuum
779 1236 836 1299 per
859 1225 965 1277 totum
993 1234 1128 1297 regnum
1151 1214 1268 1297 Anglie
1291 1215 1332 1279 de
1346 1214 1568 1279 novosusilio
1581 1226 1711 1301 nostro,

558 1317 645 1400 quod
661 1315 817 1380 habemus
833 1316 872 1379 de
888 1316 975 1379 dono
993 1316 1126 1379 Domini
1149 1317 1257 1399 Regis,
1277 1319 1378 1403 petris
1394 1318 1509 1383 nostri.
1554 1317 1607 1383 lts
1618 1318 1712 1404 quoti

558 1441 618 1482 nos
643 1442 702 1482 nec
724 1419 859 1484 heredes
886 1418 1001 1493 nostri,
1031 1440 1091 1483 nec
1115 1419 1231 1503 aliquis
1256 1440 1315 1505 per
1340 1442 1412 1497 nos,
1437 1420 1490 1484 vel
1515 1440 1576 1505 pro
1601 1418 1712 1501 nobis,

557 1520 677 1604 aliquid
698 1542 717 1582 a
740 1519 876 1583 Civibus
898 1520 1062 1604 predictis,
1078 1521 1201 1585 ratium
1224 1520 1359 1606 predicti
1385 1522 1506 1599 auxilii,
1531 1544 1710 1608 pommus

558 1622 694 1705 exigere,
717 1622 767 1685 vel
789 1622 897 1706 aliquo
912 1623 1010 1687 modo
1026 1624 1196 1688 vendicare
1208 1648 1217 1700 3
1240 1636 1289 1688 set
1305 1625 1392 1709 quod
1407 1624 1545 1709 predicti
1559 1622 1659 1689 eise·
1672 1636 1710 1691 et

558 1724 691 1787 heredes
715 1745 839 1801 eorum,
865 1737 931 1789 tam
957 1726 998 1789 de
1022 1738 1169 1810 tempore
1195 1726 1349 1810 preterito
1377 1749 1475 1812 qusm
1500 1726 1643 1812 presenti
1672 1738 1710 1793 et

558 1826 677 1901 futuro,
707 1827 804 1910 hujus
832 1828 993 1911 gaudeant
1026 1828 1173 1892 libertate
1197 1829 1435 1913 imperpetuum
1459 1840 1494 1895 et
1518 1828 1610 1895 liberi
1633 1850 1709 1915 per·

558 1940 707 1992 maneant
723 1939 757 1991 et
771 1930 882 2012 quieti.
930 1930 967 1991 ln
979 1931 1072 2012 cujus
1085 1930 1129 1993 rei
1142 1930 1364 1993 testimonium
1380 1930 1439 1995 lass
1453 1931 1562 1996 litem
1576 1944 1709 1997 soson

557 2031 678 2093 eisdem
706 2030 773 2092 ficri
801 2031 935 2094 fecimus
963 2042 1122 2115 patentes.
1168 2033 1289 2096 Datum
1311 2032 1399 2118 apud
1422 2032 1593 2119 Cipehsm,
1616 2034 1709 2119 xxvj.

559 2133 610 2195 die
626 2133 757 2215 Aprilis,
772 2155 857 2196 anno
873 2135 961 2217 regni
980 2134 1111 2198 Domini
1129 2134 1225 2217 Regis
1240 2136 1341 2219 patris
1357 2136 1459 2199 nostri
1474 2135 1509 2200 l’.
1523 2134 1635 2201 tertio.

606 2236 855 2299 Memorandum
869 2237 955 2321 quod
971 2237 1053 2300 eirca
1068 2238 1187 2300 festum
1203 2238 1313 2301 Sancti
1324 2236 1453 2301 Andree
1468 2236 1616 2322 proximo
1630 2258 1708 2323 prs>

561 2338 703 2412 teritum,
729 2336 811 2402 obiit
834 2338 987 2403 Clemens
1014 2340 1100 2423 l'apa
1123 2350 1267 2422 quartus,
1292 2348 1326 2403 et
1351 2349 1428 2423 post
1455 2337 1580 2403 obitum
1607 2360 1707 2405 suun

560 2442 711 2503 remansit
742 2441 835 2503 seiles
874 2441 1019 2503 llvrrsiana
1056 2462 1155 2503 vacua
1192 2462 1249 2523 per
1285 2440 1417 2524 longum
1454 2450 1597 2524 tempos,
1628 2440 1709 2525 quis

558 2544 756 2613 Conlinoles,
772 2542 812 2605 od
827 2565 908 2626 quos
925 2544 1064 2628 pertinet
1080 2543 1205 2617 electio,
1220 2542 1352 2605 luerunt
1365 2540 1542 2619 discordes,
1555 2542 1602 2607 iss
1614 2542 1707 2627 quod

558 2646 665 2707 nullus
681 2668 765 2728 popa
780 2646 888 2707 extitit
904 2666 961 2727 per
976 2656 1042 2707 tres
1058 2667 1161 2707 anrios
1176 2656 1208 2707 et
1223 2642 1373 2727 amplius.

601 2747 862 2819 ,llernornndunn
878 2747 965 2829 quod
976 2747 1027 2809 die
1045 2748 1163 2810 Martis
1177 2758 1252 2809 ante
1268 2746 1388 2809 festum
1404 2744 1516 2809 saneti
1532 2742 1707 2811 lamenrii

559 2850 717 2912 Dominus
743 2850 920 2911 Edwardus
943 2849 1075 2911 recessit
1097 2872 1116 2912 a
1140 2848 1318 2912 Londoniis
1340 2846 1589 2931 adpetitionem
1607 2848 1708 2933 Regis

558 2951 700 3021 Francie,
718 2961 753 3012 ut
768 2962 853 3012 esset
876 2950 915 3011 ad
932 2950 1178 3033 parliamentum
1196 2971 1291 3012 suum
1315 2950 1348 3011 in
1368 2950 1522 3025 Francia
1544 2950 1612 3034 qui,
1625 2972 1705 3017 euru

555 3054 696 3116 venisset
713 3054 892 3137 navigando
912 3052 998 3137 apurl
1024 3052 1248 3127 Graveslrend,
1264 3053 1410 3127 inveniti
1423 3051 1542 3117 ibidem
1558 3052 1708 3139 hospite·

554 3168 624 3218 tum
644 3156 761 3235 lla-uerri
779 3154 981 3225 allemannie,
996 3153 1191 3217 avunculum
1208 3175 1315 3229 suum,
1337 3153 1393 3237 qui
1416 3166 1548 3217 venerst
1561 3152 1603 3217 de
1618 3165 1707 3221 tem

555 3281 633 3329 sun;
656 3258 741 3319 unde
771 3256 930 3319 llorrrinuv
958 3255 1136 3318 Edwardus
1163 3255 1339 3338 hospitavit
1362 3276 1397 3317 se
1417 3254 1503 3340 apud
1531 3253 1707 3323 Norenses.

557 3363 594 3424 ln
633 3362 807 3423 crastinum
846 3382 922 3424 vero
959 3360 1123 3443 predictus
1163 3360 1231 3421 llex
1268 3369 1301 3421 et
1338 3357 1503 3444 predictus
1539 3358 1706 3425 Dominus

558 3463 733 3525 Edwardus
757 3461 939 3525 habuerunt
962 3464 1046 3525 inter
1069 3482 1104 3523 se
1129 3482 1280 3539 magnum
1302 3472 1337 3521 et
1358 3458 1489 3541 longum
1505 3458 1706 3545 eolloquiurn

555 3587 650 3649 super
677 3564 935 3626 transfretatione
960 3564 1035 3625 dieti
1069 3562 1217 3625 Edwnrsli
1248 3572 1280 3623 et
1311 3559 1407 3623 rebus
1436 3559 1518 3623 eliis.
1586 3559 1707 3627 Potin

553 3666 659 3727 (lictus
694 3666 854 3728 Dominus
889 3665 1064 3727 lida-indua
1094 3665 1259 3747 proiectus
1289 3672 1339 3723 est
1369 3681 1483 3723 versus
1515 3660 1705 3731 Deserism.

557 3768 669 3829 llis-tus
695 3780 803 3829 autern
834 3768 912 3837 llos,
939 3766 990 3828 ‹lic
1014 3764 1110 3827 ,lovis
1135 3764 1283 3847 promoto
1308 3774 1474 3846 sequente,
1500 3762 1590 3827 venit
1614 3762 1705 3829 lan·

552 3870 669 3945 ‹loniis,
698 3881 731 3932 et
755 3870 863 3953 regino
889 3892 948 3933 sua
969 3891 1044 3931 euru
1067 3890 1118 3941 eo,
1141 3888 1236 3950 quarn
1262 3886 1366 3949 nuper
1388 3865 1642 3950 desponsaverat
1668 3866 1704 3931 irs
