3540 4830
612 468 673 525 loe
969 478 1131 524 cnosrcs
1155 478 1329 525 ussonuss
1356 478 1401 523 ιτ

609 632 778 695 dimidium
800 630 1008 716 quarterium,
1024 642 1057 695 ct
1071 630 1263 710 bussellum,
1287 630 1425 715 sigillata
1446 640 1499 695 cst
1520 628 1635 715 sigilio
1650 630 1762 697 Mrhv

517 758 779 905 ινωῗέὲιειιι
806 850 952 923 tempore
978 837 1054 901 iecit
1079 836 1164 901 idem
1193 836 1302 901 Maior
1324 836 1466 901 amoveri
1491 856 1511 897 s
1539 834 1616 899 iore
1657 867 1725 889 ····

403 938 569 1031 miii,-
610 942 721 1005 stallos
746 942 943 1017 camiticum,
966 952 1000 1003 et
1024 940 1233 1023 piscatorum,
1247 950 1281 1003 et
1298 939 1395 1003 etism
1420 936 1533 1001 sutton
1552 938 1612 1023 qui
1636 936 1672 1001 di
1697 940 1721 990 ·'

609 1047 741 1109 fuerunt
766 1055 800 1109 et
839 1044 983 1107 concessi
1014 1064 1072 1126 per
1101 1042 1317 1107 vicecomites
1346 1040 1558 1125 precedentes
1595 1038 1744 1127 aliqui

609 1146 775 1209 habendos
789 1158 823 1210 et
848 1144 1039 1209 tenendos
1033 1166 1065 1207 ιιι
1091 1144 1186 1209 feodo
1210 1142 1363 1207 omnibus
1377 1140 1493 1208 diebus
1507 1142 1573 1205 rite
1600 1164 1687 1215 sue;
1712 1164 1750 1227 q

608 1246 763 1311 dederant
788 1248 930 1331 probor
957 1246 1211 1311 vicecomitibus
1235 1268 1385 1331 magnam
1410 1243 1592 1329 pecuniam.
1666 1244 1743 1311 C·

608 1350 814 1414 manifestum
838 1362 899 1423 est.
925 1348 1039 1434 qued
1032 1371 1134 1433 ipsc
1122 1349 1230 1414 Maior
1251 1346 1475 1413 dissaisiavit
1468 1368 1558 1431 tpsos
1582 1346 1699 1411 dc

607 1464 795 1517 tenemento
811 1474 871 1516 suo
886 1452 1019 1537 injuste.
1065 1452 1141 1536 lpse
1156 1462 1266 1515 tamen
1282 1450 1452 1515 affirmavit
1472 1448 1562 1537 quud
1584 1448 1653 1515 hoe
1675 1451 1746 1517 ieci

607 1576 648 1617 ne
680 1554 786 1639 aliqua
816 1556 1025 1619 immundicia
1053 1564 1233 1619 remaneret
1262 1554 1294 1617 in
1326 1554 1397 1619 foro
1432 1564 1545 1617 eontra

608 1658 741 1722 Domini
771 1659 879 1739 Regis,
903 1659 959 1741 qui
985 1657 1017 1720 in
1044 1656 1134 1721 brevi
1160 1668 1318 1741 tempore,
1333 1668 1369 1719 ut
1394 1654 1574 1731 dicebatur,
1596 1670 1769 1723 sentum

607 1761 668 1825 fuit
683 1762 722 1823 de
738 1760 883 1844 partibus
895 1760 1117 1824 transmarinis
1132 1759 1166 1823 in
1183 1760 1370 1823 Civitatem.
1396 1758 1485 1823 Fecit
1499 1758 1598 1821 sustu
1613 1780 1694 1823 suro
1729 1805 1740 1814 -
1759 1762 1766 1773 '

606 1884 624 1925 a
639 1864 709 1927 toro
724 1864 795 1939 alis,
811 1884 874 1947 que
897 1861 1045 1927 solebant
1060 1861 1156 1925 vendi
1171 1858 1227 1939 ibi,
1242 1862 1318 1945 quia
1333 1858 1502 1925 videbatur
1522 1858 1658 1939 Maiori,
1672 1883 1709 1948 q·
1730 1897 1735 1912 ·
1754 1899 1758 1912 ·

606 1966 711 2029 iorum
729 1966 843 2028 suisset
858 1976 1052 2047 occupatum
1075 1964 1138 2026 illis
1153 1962 1392 2039 mercimoniis;
1406 1975 1440 2028 et
1454 1960 1633 2047 assignavit
1654 1978 1694 2029 ut
1710 1964 1718 1975 '
1748 2003 1749 2006 =

607 2068 815 2131 mercimonia
830 2066 1049 2129 venderentur
1065 2066 1097 2128 in
1114 2066 1184 2128 aliis
1200 2064 1292 2129 locis.

652 2170 778 2244 Postea,
802 2170 835 2231 in
851 2169 991 2231 crastino
1006 2170 1124 2232 Sancte
1138 2168 1319 2244 Trinitatis,
1341 2166 1546 2233 venientibus
1569 2166 1701 2233 usim
1729 2182 1768 2235 et

605 2270 730 2333 civibus
746 2270 777 2333 in
792 2270 1000 2335 Giidballium
1017 2270 1056 2333 ad
1083 2268 1268 2333 communia
1292 2268 1409 2353 placita
1432 2270 1625 2353 ptscirsnds,
1648 2294 1768 2337 scca·

605 2386 717 2438 serunt
732 2374 861 2459 quidam
884 2374 1063 2459 piscenarii,
1078 2386 1111 2435 et
1137 2372 1287 2456 precipue
1312 2370 1357 2435 itti
1380 2372 1436 2455 qui
1458 2372 1558 2437 eructi
1584 2374 1724 2441 tussam
1743 2400 1768 2443 a

605 2477 686 2554 foro,
706 2478 914 2539 ostendentes
935 2474 1173 2559 eorrqnerendo,
1193 2474 1279 2557 quod
1304 2474 1366 2557 ipsi
1387 2474 1516 2539 fuerunt
1535 2474 1694 2541 disseisiti
1718 2478 1767 2545 ὼ

605 2578 706 2641 libero
731 2591 918 2643 tenemento
945 2601 1005 2641 suo
1035 2582 1067 2642 in
1098 2580 1178 2641 ion».
1239 2576 1369 2643 Quibus
1395 2598 1588 2663 responsum
1611 2578 1676 2643 tuis
1702 2602 1767 2665 pu

607 2679 777 2757 Maiorem,
801 2680 887 2765 quod
915 2680 976 2743 boc
1001 2682 1121 2744 iactum
1147 2680 1207 2743 tuit
1224 2700 1281 2763 per
1297 2678 1478 2743 Consilium
1496 2678 1631 2745 Domini
1649 2682 1767 2767 Regis,

604 2802 645 2843 ne
661 2780 766 2863 aliqua
781 2782 985 2845 immunditia
1000 2794 1178 2845 remaneret
1194 2782 1226 2845 in
1243 2783 1313 2845 soro
1331 2794 1444 2845 contra
1457 2782 1633 2847 adventurn
1650 2806 1767 2855 suun.

606 2882 770 2945 Wnlterus
786 2905 862 2946 vero
892 2884 992 2945 liervi
1015 2886 1239 2967 queremonias
1261 2884 1477 2969 predictorum
1504 2886 1765 2971 pisoettst'iumn

606 2986 759 3048 sustinuit
777 3008 944 3069 proposse
968 3008 1029 3049 suo
1044 2998 1156 3049 contn
1181 2986 1341 3051 Maiorem
1356 3000 1391 3051 et
1405 2988 1655 3065 :Mdermsnntm
1670 2990 1767 3057 unde

605 3088 741 3151 verbosa
755 3090 921 3153 crsrrtentio
935 3100 1007 3151 orta
1021 3101 1072 3152 est
1097 3088 1179 3153 inter
1194 3090 1316 3153 dictum
1345 3090 1504 3153 Maiorem
1518 3102 1552 3153 et
1574 3090 1765 3175 parlim

607 3191 786 3255 ii’slterum
806 3212 912 3255 cssrsm
936 3194 1024 3256 omiti
1049 3192 1181 3277 populo.
1228 3192 1324 3257 Cndc
1341 3192 1601 3267 statuminetur
1616 3192 1650 3259 in
1666 3194 1767 3275 intra,

605 3318 678 3357 cum
694 3294 887 3379 quibusdum
902 3296 1143 3359 discretioribus
1167 3296 1329 3371 Civitatis,
1352 3294 1487 3361 arcessit
1511 3295 1553 3359 ad
1573 3294 1765 3365 condtm

609 3398 741 3461 Domini
772 3400 867 3477 Regis
892 3399 977 3482 apud
1010 3398 1347 3475 ii'estmonssterium,
1377 3396 1555 3461 ostendens
1589 3398 1639 3463 cis
1668 3400 1764 3483 quod

607 3516 685 3563 tune
701 3502 821 3565 suctum
839 3504 896 3565 iuit
915 3503 947 3564 in
965 3502 1138 3565 Gildbnile.

587 3604 689 3668 ·ln
711 3607 851 3668 crastino
866 3628 954 3679 vero,
971 3604 1232 3689 pervenientibus
1257 3604 1381 3669 Maiore
1401 3618 1434 3667 et
1455 3602 1591 3668 Civibus
1615 3604 1648 3667 in
1661 3603 1764 3673 Gild-

384 3690 504 3715 ‘¹'··'··¹‘¹
524 3674 552 3711 '''·
542 3706 734 3777 papum
750 3708 790 3772 ad
806 3710 932 3793 placing,
959 3730 1021 3791 que.
1048 3710 1174 3771 incunt!
1198 3710 1328 3772 fuerunt
1353 3706 1405 3771 ‘ii‘
1429 3706 1626 3793 Pm‘d‘nfi’
1646 3710 1764 3775 ω

607 3809 723 3875 nands.
749 3824 900 3873 ostensus
926 3810 986 3874 tun
1013 3812 1143 3895 quidam
1175 3810 1301 3874 rotulus
1330 3822 1362 3873 et
1401 3810 1504 3873 lectus
1529 3832 1638 3875 mtrem
1667 3810 1764 3881 dicto

609 3910 751 3973 ii'sitero
766 3926 797 3973 et
814 3914 902 3975 tinini
930 3912 1063 3997 populo,
1089 3916 1120 3977 in
1149 3938 1213 3997 quo
1238 3912 1489 3977 rorstinebsntut
1509 3912 1618 3997 plures
1631 3914 1763 3981 Μ

607 4013 698 4077 valde
721 4016 838 4077 notorii
855 4016 895 4079 de
911 4016 1208 4099 presumptionibus
1230 4030 1264 4079 rt
1288 4016 1425 4099 injuriis.
1447 4038 1527 4099 quas
1542 4014 1650 4079 dictus
1666 4012 1763 4083 wst-
