3540 4830
472 500 729 546 vicacossrross
757 499 1042 544 oounosraauu.
1291 483 1335 542 69

182 663 303 737 quanto
326 651 449 715 virilius
474 661 508 715 et
531 651 696 736 potentius
718 659 883 738 poterunt,
907 673 942 716 se
968 670 1138 736 preparare
1164 649 1338 729 festinent3

182 756 228 819 ita
249 755 348 840 quod,
363 754 452 818 omni
465 757 632 819 occasione
647 755 841 841 postposita,
853 755 894 818 ad
910 754 1072 832 ultimum,
1087 754 1139 818 die
1155 753 1338 833 Dominica‚

182 857 343 935 videlicet,
356 857 502 940 proxima
527 868 604 941 post
619 858 738 921 festum
760 857 847 921 beati
863 857 950 920 Petri
965 856 1006 920 ad
1021 855 1161 934 vincula,
1175 857 1216 920 ad
1230 856 1339 920 locum

185 961 317 1023 veniant
332 959 541 1023 antedictum.
569 958 700 1037 Scituri,
715 959 801 1043 quod
817 960 844 1023 si
859 960 974 1044 aliquis
990 959 1089 1044 hujus
1104 958 1247 1023 mandati
1261 979 1339 1022 oon·

185 1073 362 1147 temptores
391 1060 590 1140 inveneritis,
604 1061 657 1124 vel
672 1061 754 1125 circa
783 1061 862 1125 illud
893 1061 1091 1147 negligentes
1116 1072 1150 1126 et
1175 1061 1339 1140 remissos,

187 1165 228 1227 ad
241 1186 396 1249 personas
412 1174 447 1228 et
468 1164 555 1227 bona
577 1185 690 1227 eorum
706 1186 766 1227 nos
781 1163 921 1248 graviter
935 1164 1119 1250 capiemus;
1142 1166 1227 1229 sicut
1239 1165 1340 1249 adip-

186 1290 240 1331 sos
268 1291 325 1351 per
346 1290 427 1352 quos
443 1290 508 1332 non
525 1277 590 1331 stat
605 1289 669 1352 quo
685 1267 793 1330 minus
809 1289 869 1331 nos
884 1277 918 1330 et
942 1288 1077 1352 regnum
1098 1278 1247 1333 nostrum
1263 1289 1340 1333 eon·

185 1371 306 1434 fusioni
317 1382 351 1435 et
362 1381 517 1455 perpetue
532 1369 773 1434 exheredationi
797 1369 980 1434 liberemur.
1026 1370 1066 1433 In
1082 1373 1174 1455 cujus
1189 1372 1235 1435 rei
1249 1371 1341 1436 testi·

188 1474 333 1538 monium
357 1474 415 1536 has
439 1473 564 1537 litteras
590 1484 717 1536 nostras
738 1472 807 1535 lieri
823 1471 957 1536 fecimus
972 1482 1132 1556 patentes.
1174 1473 1273 1538 'Peste
1288 1494 1341 1539 mo

185 1577 257 1661 ipso
269 1577 354 1661 apud
371 1577 527 1641 Sanctum
546 1576 693 1654 Paulum,
709 1575 901 1653 Londoniis,
915 1575 958 1660 vij
976 1575 1028 1639 die
1042 1576 1065 1639 J
1067 1575 1135 1654 ulii,
1149 1598 1236 1640 auno
1250 1576 1340 1660 regni

185 1679 288 1743 nostri
304 1680 347 1741 xl⁰
362 1690 487 1743 octavo.

232 1781 348 1842 Postea
364 1801 421 1863 per
435 1791 624 1864 preceptum
640 1779 801 1862 prenotati
829 1776 937 1841 brevis
952 1776 1204 1842 innumerabiles
1229 1777 1341 1863 populi
1391 1790 1399 1885 p

188 1882 335 1996 equitum
349 1892 383 1945 et
397 1882 545 1965 pediturn
561 1881 601 1947 de
617 1882 751 1966 singulis
763 1880 970 1946 comitatibus
981 1880 1096 1964 Anglie
1108 1892 1402 1960 convenerunt,

188 1984 243 2068 qui
259 1984 355 2047 armis
371 1983 453 2047 bene
469 1983 597 2061 muniti,
610 1984 744 2068 proiecti
760 1983 892 2046 suntad
907 1993 1032 2047 eostam
1044 1983 1140 2047 maris
1155 1983 1195 2047 ad
1207 2004 1342 2068 regnum

188 2096 301 2150 contra
329 2085 526 2169 alienigenas
565 2085 816 2163 defendendum,
857 2094 891 2147 et
916 2084 1064 2148 similiter
1092 2084 1342 2150 innumerabiles

190 2209 289 2250 naves
305 2189 345 2250 de
363 2187 517 2271 Quinque
534 2187 697 2251 Portubus
707 2199 740 2251 et
753 2188 792 2250 de
808 2185 878 2249 aliis
893 2185 973 2250 locis
989 2187 1094 2271 posite
1109 2187 1235 2251 suntin
1251 2186 1342 2265 man,

189 2312 265 2353 oum
294 2290 371 2352 viris
395 2291 493 2353 armis
509 2290 592 2355 bene
617 2290 752 2354 munitis
767 2289 808 2353 ad
835 2288 1035 2353 obviandum
1060 2289 1094 2353 in
1120 2311 1218 2353 manu
1236 2289 1343 2354 valida

191 2392 286 2455 dictis
302 2392 499 2476 alienigenis.

117 2556 121 2564 ,
234 2496 350 2558 Postea
365 2494 448 2558 circa
463 2493 583 2559 festum
595 2493 841 2579 Assumptionis
856 2492 950 2559 beate
967 2494 1073 2559 Marie
1086 2494 1250 2559 Dominus
1271 2496 1342 2560 Rex

190 2606 223 2659 et
236 2597 380 2660 Berones
396 2596 530 2680 profecti
547 2608 624 2659 sunt
639 2596 725 2679 apud
747 2596 933 2673 Doveriam,
947 2596 1005 2659 ubi
1020 2596 1255 2681 parlamentum
1281 2598 1345 2662 suit

191 2718 249 2780 per
269 2698 407 2762 nuncios
419 2697 536 2760 missos
549 2698 634 2761 inter
650 2698 770 2780 Regem
782 2708 815 2760 et
826 2698 970 2760 Berones
980 2698 1096 2782 Anglie
1111 2720 1151 2763 ex
1163 2721 1227 2762 una
1242 2709 1344 2784 parte,

191 2810 224 2862 et
239 2800 445 2884 alienigenas,
461 2822 543 2885 quos
560 2800 684 2884 Regina
707 2799 834 2884 Anglie,
850 2800 873 2863 J
875 2800 1021 2864 ohannes
1038 2801 1212 2881 Maunsell‚
1229 2801 1344 2867 Petrus

191 2902 232 2965 de
259 2902 407 2980 sauceia,
437 2913 470 2966 et
499 2900 673 2986 complices
700 2923 812 2965 eorum
838 2912 1092 2985 procuravenmt
1118 2925 1193 2967 cum
1219 2904 1344 2989 magnis

192 3004 378 3089 sumptibus
393 3005 434 3067 ad
450 3005 645 3068 veniendum
661 3025 759 3088 super
774 3003 935 3088 Angliam.

237 3107 363 3185 Postea,
379 3107 462 3170 circa
474 3109 593 3171 festum
611 3107 826 3170 Exaltationis
842 3107 960 3171 Sancte
976 3107 1103 3186 Crucis,
1117 3109 1345 3172 transfretave-

192 3219 269 3271 runt
285 3208 436 3271 dominus
451 3210 549 3292 Hugo
565 3210 594 3271 le
612 3209 809 3293 Despenser‚
827 3209 1030 3273 Justitiarius
1039 3210 1165 3293 Anglie,
1179 3210 1293 3273 Petrus
1303 3211 1344 3274 de

193 3310 310 3373 Monte
322 3311 421 3384 sorti,
438 3311 532 3373 etalii
550 3310 685 3388 nobiles,
696 3312 881 3395 Episcopus
894 3310 1148 3390 Londoniarurn,
1161 3312 1344 3397 Episcopus

191 3412 379 3495 Wygornie,
410 3423 443 3476 ct
472 3413 525 3476 alii
556 3413 711 3496 Episcopi
738 3434 796 3496 pro
823 3433 902 3496 paee
929 3412 1131 3497 disponenda
1168 3425 1203 3479 et
1227 3414 1344 3478 confir·

194 3513 321 3576 manda.

235 3617 328 3679 Tunc
344 3617 499 3700 temporis
515 3616 574 3678 viri
590 3614 796 3679 ecclesiastici
808 3615 969 3679 dederunt
991 3614 1148 3679 decimam
1164 3625 1288 3700 partam
1304 3616 1345 3682 de

194 3716 334 3782 exitibus
350 3716 555 3781 ecclesiarum
572 3740 702 3781 suarum
719 3741 776 3803 per
791 3728 895 3781 totam
910 3717 1070 3801 Angliam.

280 3819 459 3881 Edwardus
477 3820 637 3897 Blandus,
749 3824 772 3991 }
798 3819 899 3883 Non
887 3830 1038 3901 jurarunt
1052 3819 1092 3882 ad
1109 3819 1304 3901 Scacarium,
1357 3820 1431 3929 21⁸⁰
1437 3817 1567 3944 ”mm

282 3924 397 3986 Petrus
413 3920 524 3985 tilius
512 3922 644 4007 lugeri,
797 3923 926 4007 quando
941 3924 1117 4006 presentati
1133 3925 1275 3990 suerunt.
1351 3948 1469 4006 fumica
1467 3898 1483 3929 ⁰
1472 3948 1567 4023 frans·

241 4025 314 4088 lloc
330 4046 426 4101 anno,
439 4028 580 4089 secunda
595 4027 646 4089 die
662 4038 737 4091 ante
753 4029 871 4091 festum
897 4026 1114 4090 translationis
1139 4029 1250 4093 Sancti
1276 4030 1344 4096 Ed·
1357 4010 1491 4071 ’ΨΜ
1457 4028 1506 4073 ‘¹¹²

196 4128 293 4190 nardi
310 4127 515 4191 Confessoris
530 4130 620 4195 venit
637 4131 706 4193 Rex
724 4129 903 4194 Londoniis
918 4151 937 4192 a
952 4128 1098 4214 partibus
1114 4130 1256 4196 marinis.
1355 4100 1511 4213 iwffl‘
1538 4102 1567 4150 ἁ
