3540 4830
520 493 580 551 186
879 504 1040 550 caosrca
1066 503 1241 565 asaroton
1266 506 1312 551 ss·

516 657 737 735 dimitterent3
760 654 840 740 ipsis
864 654 1097 721 mercatoribus
1121 654 1184 721 sub
1209 656 1323 722 eadem
1347 656 1452 723 tortus
1477 656 1673 725 dedab-

515 759 677 824 licentiam
693 758 833 823 dacendi
848 758 938 822 lanas
959 770 1051 823 extra
1065 780 1201 843 regnum
1216 770 1366 825 ausuum
1376 760 1418 825 ad
1432 770 1543 847 partes
1557 772 1671 829 em·

515 862 655 926 marinas
678 860 720 925 ad
746 860 928 926 laciendum
955 862 1163 927 commodam
1187 883 1296 929 suum.
1339 863 1390 928 Ac
1415 862 1488 929 Nos
1505 864 1578 949 jan
1602 884 1670 953 μ

513 976 603 1029 certo
627 963 856 1040 intelleximus,
880 964 968 1047 quod
994 964 1065 1028 lane
1090 962 1233 1049 predicte
1254 974 1347 1030 extra
1359 984 1496 1051 rmum
1510 976 1667 1033 nonan

514 1067 554 1131 de
569 1067 698 1131 licentis
712 1078 824 1130 nostra
832 1067 940 1145 ducte,
955 1065 1050 1130 dictis
1066 1064 1320 1131 flandrensibus
1333 1086 1435 1153 prope
1448 1076 1559 1153 partes
1568 1088 1667 1135 m

512 1191 570 1254 per
580 1168 744 1254 predictos
759 1179 952 1233 mercatores
967 1179 1079 1232 eontra
1094 1167 1299 1234 munuum
1321 1168 1499 1255 predictam
1512 1170 1667 1239 vendu-

511 1285 566 1336 tur
594 1271 634 1335 ad
658 1270 798 1348 libitum,
822 1272 910 1355 qaod
934 1270 1058 1335 diutius
1087 1270 1248 1335 sustinere
1272 1270 1426 1337 nolumus
1452 1270 1521 1337 allo
1550 1272 1667 1341 noda.

512 1374 583 1437 Nos
598 1374 638 1438 de
653 1373 789 1438 consilio
804 1383 916 1438 nostro
932 1373 1116 1450 statuimus,
1131 1370 1220 1458 quad
1234 1392 1350 1439 omnes
1364 1372 1437 1439 lane
1450 1372 1542 1459 regui
1555 1374 1666 1443 noui

510 1476 690 1540 venditioni
705 1476 897 1559 exponende
906 1474 947 1539 <le
956 1486 1075 1553 cetero,
1083 1474 1486 1562 morenturintnregnam
1497 1488 1666 1559 maan,

511 1600 570 1643 nec
584 1578 625 1643 ad
637 1599 844 1664 quascunque
860 1588 969 1663 partes
983 1576 1215 1641 transmarinas
1228 1576 1334 1663 aliqua
1347 1576 1473 1643 ratione
1487 1576 1664 1661 damon,

510 1683 589 1745 citra
599 1683 720 1747 festum
732 1682 844 1745 Sancti
850 1679 1012 1745 Johannis
1023 1680 1171 1765 Baptiste
1183 1678 1332 1765 proximo
1343 1678 1500 1745 tutam
1521 1680 1569 1747 Et
1581 1682 1663 1749 ih

511 1783 604 1848 cobis
616 1784 808 1849 mandamus
813 1792 826 1861 Ι
835 1784 923 1869 quod
938 1783 1028 1847 lanas
1037 1781 1159 1866 aliquas
1173 1792 1265 1847 extra
1274 1802 1409 1869 Qnum
1418 1794 1568 1849 cosmus
1578 1784 1664 1853 eim

508 1888 683 1951 terminum
700 1886 1000 1971 predictumrersus
1010 1904 1236 1968 quamcunque
1248 1894 1366 1949 terram
1377 1883 1662 1967 mirsinedunn's,

508 1991 558 2055 rel
587 2010 646 2075 per
657 2000 764 2073 partes
781 1998 904 2051 vestras
920 1986 995 2049 duci
1010 1984 1226 2069 permittatis3
1252 1984 1322 2065 sed,
1336 1986 1461 2073 siquas
1474 2006 1536 2073 per
1547 2000 1661 2075 μω

506 2092 669 2156 ducendas
694 2090 881 2154 inveneritis
904 2100 995 2153 extra
1015 2109 1150 2173 regnum
1176 2100 1337 2167 noscunt,
1356 2108 1412 2153 eas
1433 2090 1596 2171 aulatis,
1623 2102 1661 2159 d

506 2194 595 2259 salvo
623 2192 826 2269 custodiatis,
860 2191 900 2255 ad
944 2190 1132 2254 mandatum
1176 2200 1338 2255 nostrum.
1407 2188 1482 2257 tud
1509 2192 1662 2277 prothea

506 2294 692 2371 Comitissa,
715 2313 772 2377 per
801 2291 1060 2377 procurationem
1085 2313 1178 2355 susm
1210 2301 1246 2355 et
1270 2290 1490 2357 interventum
1518 2294 1660 2363 auido-

505 2420 575 2463 rum
588 2418 733 2474 suorum‚
755 2395 872 2481 quibas
895 2394 981 2459 diem
1003 2392 1192 2478 prelisimas
1213 2414 1322 2459 coram
1346 2392 1443 2459 nobis
1474 2393 1509 2459 io
1530 2394 1661 2465 instu-

506 2501 596 2565 tibus
636 2497 761 2565 octabis
801 2498 919 2562 Sancte
957 2495 1128 2561 'l'rirritstis
1165 2495 1206 2560 ad
1242 2494 1447 2561 necandam
1482 2494 1659 2567 nebim

505 2624 602 2688 super
631 2602 762 2685 negotio
787 2600 855 2678 illo,
880 2610 991 2664 nostre
1021 2620 1056 2663 se
1081 2598 1281 2683 coaptaverit
1305 2596 1478 2665 voluntati.
1521 2598 1568 2665 Bt
1596 2622 1660 2669 m

503 2705 589 2769 aliud
616 2727 634 2766 a
660 2703 757 2767 nobis
777 2702 852 2766 inde
867 2702 1052 2786 receperitis
1074 2702 1108 2766 in
1133 2700 1305 2767 mandatis.
1326 2700 1372 2766 Et
1394 2699 1469 2781 hoe,
1491 2700 1579 2769 sieut
1593 2724 1659 2773 vo

502 2818 536 2871 et
551 2806 660 2869 omnia
674 2826 738 2889 que
749 2803 911 2868 haberetis
920 2804 954 2867 in
964 2824 1064 2888 regno
1076 2814 1189 2868 nostro
1200 2802 1590 2891 diligitiaetperpetm
1604 2806 1660 2873 in·

503 2908 721 2991 dignationem
737 2917 881 2970 nostram
896 2906 997 2969 sitare
1007 2905 1184 2984 volueritis,
1196 2906 1381 2973 nulhtenus
1389 2908 1560 2975 oreimis.
1607 2908 1656 2977 h

502 3011 582 3075 scire
597 3008 721 3071 faciatis
736 3006 889 3071 omnibus
904 3007 944 3071 de
959 3006 1081 3070 Balliva
1091 3018 1210 3085 vestra,
1221 3006 1313 3072 lanas
1328 3008 1514 3075 vendenda
1528 3008 1658 3077 tabu-

501 3112 599 3190 tibus,
614 3110 700 3195 quod
724 3110 765 3174 de
781 3110 967 3174 venditione
987 3110 1132 3173 lanarum
1149 3130 1279 3175 suarum
1295 3132 1362 3175 non
1377 3111 1561 3198 despuent,
1575 3132 1657 3199 q·

501 3227 693 3280 mercatores
709 3212 798 3295 regni
814 3212 916 3276 nostri
933 3212 1034 3297 parati
1051 3223 1129 3276 sunt
1143 3210 1239 3277 nobis
1261 3214 1468 3279 securiutern
1493 3214 1657 3295 invenire,

498 3318 585 3402 (quod
601 3316 663 3380 nisi
676 3316 819 3399 predicta
830 3314 1006 3379 comitissa
1020 3314 1061 3378 de
1069 3314 1251 3378 commissis
1261 3316 1368 3381 medio
1377 3328 1524 3401 tempore
1537 3328 1657 3385 m

499 3418 688 3483 satisfecerit
714 3418 884 3493 voluntati,
906 3419 953 3481 ita
979 3418 1066 3501 quod
1096 3416 1346 3481 flandrensibus
1369 3416 1458 3481 lanas
1471 3416 1604 3483 mendi
1617 3430 1658 3487 α

499 3522 648 3595 ducendi,
678 3521 761 3583 sieut
790 3520 948 3597 solebant,
978 3519 1092 3582 demus
1122 3531 1329 3604 potestatem,
1362 3520 1425 3605 ipsi
1454 3532 1656 3587 niumm

499 3646 613 3687 omnes
629 3623 718 3685 lanas
728 3643 993 3705 quorumcunque
1009 3632 1119 3685 emcnt
1134 3634 1166 3685 ct
1182 3622 1351 3707 pecuniam
1367 3620 1594 3701 indewlmt,
1607 3620 1654 3689 d

498 3738 621 3790 rectum
637 3736 669 3787 et
686 3744 796 3786 rerum
820 3723 960 3787 valorem
986 3724 1172 3788 earundem.
1218 3724 1262 3787 Et
1287 3746 1327 3789 es
1354 3746 1452 3789 masa
1475 3722 1531 3787 ills
1552 3722 1657 3791 ruffi

497 3826 761 3913 significabimus,
770 3826 907 3911 qualiter
922 3826 1006 3889 inter
1017 3826 1088 3889 Nos
1100 3838 1133 3889 et
1145 3826 1282 3889 nuncios
1295 3826 1458 3911 predicte»
1471 3836 1656 3893 Mt!-

496 3934 555 3995 erit
586 3932 618 3993 in
648 3928 784 3991 Oetalris
813 3930 994 3993 antedictis.
1066 3928 1257 3993 Proclamari
1283 3930 1381 3995 etiam
1408 3928 1537 3995 lecistis)
1557 3928 1657 4015 quud

496 4054 610 4097 omnes
635 4044 821 4116 operatores
850 4042 884 4095 et
912 4032 1108 4117 operatrices
1144 4052 1327 4117 macrum
1363 4032 1543 4113 hacona,
1580 4042 1658 4101 tn
