3540 4830
467 532 723 579 vrcsoosnvvn
749 523 1033 578 uosoonranon.
1284 498 1325 568 79

180 680 300 745 scirent
314 681 413 747 illam.
456 683 549 749 'lunc
563 686 626 771 ipsi
642 686 854 766 intraverunt,
868 688 924 773 qui
944 697 1058 751 omnes
1078 672 1178 761 positi
1199 680 1277 737 ΝΜ
1291 669 1325 734 ln

179 782 307 847 'lirrrim
323 785 356 848 in
372 786 528 866 custodia,
543 788 657 853 litteris
670 792 767 876 Regis
783 792 824 856 de
839 794 1002 861 conductu
1017 786 1116 854 nichil
1130 784 1177 850 eis
1191 774 1328 845 valenti·

180 882 252 947 bus.
292 887 370 971 Ipsi,
388 898 508 968 autem,
525 905 750 958 remanserunt
763 895 884 962 ibidem
899 920 957 984 per
971 909 1075 964 totam
1092 894 1182 959 illam
1196 896 1326 952 noctem

180 997 213 1050 et
228 1009 286 1071 per
299 999 406 1053 totum
422 990 508 1054 diem
523 1008 731 1078 sequentem
752 1019 823 1064 sero
838 1011 946 1065 autem
962 1002 1059 1081 iacto,
1075 992 1230 1085 segregati
1250 995 1328 1055 flunt

180 1100 213 1153 et
232 1091 356 1156 dimissi
379 1104 456 1158 sunt
477 1095 510 1158 in
533 1096 684 1165 ballivum
702 1101 818 1180 Castri,
834 1115 867 1168 et
887 1104 933 1168 ibi
955 1102 1111 1190 hospitati
1133 1120 1258 1176 omnes,
1272 1118 1328 1160 ex-

182 1196 285 1279 ceptis
309 1197 446 1276 Maiore,
474 1200 601 1267 ‘l'homs
630 1204 670 1268 de
694 1205 904 1284 Piwelesdon‚
935 1205 1223 1283 Michaele'l'hovi,
1252 1204 1327 1268 Ste-

181 1299 290 1382 phano
314 1302 462 1387 Bugerel‚
477 1304 628 1372 Johanne
649 1307 689 1371 de
712 1308 814 1386 Flete,
834 1330 971 1393 quorum
994 1331 1129 1395 corpora
1151 1308 1223 1372 Rex
1237 1305 1328 1371 dedit

184 1402 327 1469 Domino
343 1406 514 1488 Edwardo,
530 1410 585 1495 qui
600 1422 824 1475 remanserunt
839 1412 872 1475 in
887 1413 992 1478 'lixrri

226 1513 343 1577 Postea
358 1513 521 1577 Dominus
537 1515 619 1592 Rex,
634 1514 786 1578 recedens
802 1514 841 1577 de
856 1513 1113 1592 Windleshores,
1127 1513 1217 1579 venit
1239 1513 1329 1577 Lon-

183 1615 430 1694 doniis,vocans
441 1615 537 1680 Cives
552 1617 700 1680 inimicos
716 1637 804 1694 suos,
813 1628 847 1681 et
861 1617 951 1681 dedit
967 1618 1149 1703 plusquam
1164 1615 1330 1699 sexaginta

183 1719 299 1782 domos
324 1718 464 1798 Civium,
486 1719 549 1783 illis
571 1741 645 1783 curn
668 1729 737 1783 tota
759 1719 878 1783 familia
901 1741 959 1783 sua
980 1720 1055 1784 inde
1078 1719 1210 1804 ejectis3
1240 1717 1330 1781 dedit

184 1822 331 1885 similiter
351 1821 460 1885 omnia
481 1821 567 1885 bona
586 1821 727 1899 Civium,
745 1843 808 1906 que
829 1821 1013 1887 habuerunt
1034 1831 1125 1886 extra
1145 1820 1332 1899 Civitatem,

183 1935 221 1988 ut
242 1925 275 1988 in
292 1924 415 2003 Lenna,
432 1923 629 2002 Gememue,
644 1934 678 1988 et
699 1924 769 1988 aliis
783 1924 944 2009 portubus
959 1923 1068 1990 maris.
1113 1923 1210 2010 Cepit
1231 1924 1330 1990 etiam

184 2048 297 2092 omnes
312 2037 412 2091 terras
427 2049 540 2093 eorum
561 2028 707 2093 foraneus
733 2027 767 2091 in
782 2049 882 2092 manu
897 2050 966 2107 sua,
990 2038 1025 2093 et
1039 2028 1148 2094 omnia
1172 2027 1259 2093 bona
1272 2028 1335 2093 ibi·

185 2129 260 2194 dem
288 2129 422 2194 inventa
447 2129 608 2194 destruxit
633 2140 667 2194 et
688 2130 837 2195 vastavit.
881 2131 976 2196 'lunc
1004 2130 1108 2196 iactus
1132 2140 1184 2196 est
1210 2128 1332 2195 Custos

186 2232 336 2298 Civitatis
355 2232 507 2297 dominus
532 2233 631 2317 Hugo
656 2232 742 2297 filius
763 2233 894 2312 Otonis,
921 2233 1189 2298 Constabularius
1210 2232 1334 2312 Turris,

186 2347 220 2401 et
234 2347 368 2400 vocatus
383 2347 434 2400 est
450 2336 664 2415 senescallus,
687 2337 742 2421 qui
765 2337 936 2402 constituit
951 2336 1012 2401 sub
1029 2358 1063 2401 se
1079 2336 1162 2402 duos
1179 2334 1333 2413 Ballivos,

186 2439 307 2502 scilicet
320 2438 505 2503 ‚Iohannem
520 2439 665 2503 Addricn
681 2449 715 2503 et
729 2439 911 2504 Walterum
935 2439 1048 2519 llervi,
1063 2439 1129 2525 qui,
1153 2438 1225 2504 loco
1239 2438 1335 2504 Vice-

185 2540 352 2618 comitum,
367 2541 552 2604 custodient
568 2539 752 2605 Civitatem.

230 2643 348 2705 Postea
364 2641 461 2706 Cives
476 2642 623 2727 predicti,
633 2642 688 2727 qui
703 2642 835 2707 fuerunt
848 2642 882 2706 in
897 2641 1015 2707 balliva
1026 2643 1067 2708 de
1078 2642 1336 2722 Windleshorcs,

186 2767 245 2831 per
258 2745 420 2809 licentiam
436 2744 571 2810 Domini
587 2745 685 2829 Regis
701 2756 734 2810 et
758 2745 816 2809 filii
837 2745 887 2809 sui
911 2745 1077 2810 deliberati
1093 2756 1171 2809 sunt
1192 2755 1226 2810 et
1239 2766 1337 2810 vene·

186 2859 263 2911 runt
274 2869 388 2912 omnes
399 2847 440 2911 ad
457 2847 656 2926 londonias,
668 2848 720 2913 die
735 2847 757 2912 J
759 2846 830 2913 ovis
845 2848 992 2934 proxima
1001 2859 1079 2934 post
1093 2832 1212 2913 festum
1226 2848 1336 2913 Sancti

189 2953 277 3042 Luce
303 2951 529 3036 Evangeliste,
544 2950 686 3036 exceptis
710 2951 849 3016 Ricardo
877 2951 1117 3029 Bonaventure,
1143 2949 1276 3016 Simone
1298 2951 1338 3014 de

189 3052 390 3130 Hadestoke,
405 3052 581 3118 Willielmo
597 3053 638 3117 de
655 3050 756 3132 Kent,
771 3062 805 3117 et
830 3052 1028 3117 Eadmundo
1042 3052 1084 3116 de
1103 3052 1203 3130 Esex,
1218 3052 1273 3138 qui
1287 3075 1337 3117 re-

186 3164 385 3232 manserunt,
400 3165 434 3217 et
448 3153 625 3218 Willielmo
640 3154 680 3220 dc
696 3153 905 3218 Glouvemia.

233 3257 301 3318 lllis
317 3254 517 3339 temporibus
532 3255 609 3319 fecit
635 3256 798 3319 Dominus
815 3256 885 3319 Rex
900 3255 972 3339 capi
987 3253 1117 3319 obsides
1132 3275 1151 3316 a
1164 3253 1337 3338 plusquam

189 3357 354 3441 sexaginta
370 3355 505 3420 Civibus
521 3378 580 3441 pro
595 3357 766 3421 securitate
781 3356 881 3440 pacis,
907 3357 962 3441 qui
988 3356 1088 3441 positi
1114 3365 1192 3419 sunt
1205 3356 1240 3419 in
1254 3357 1336 3422 'lur-

188 3461 249 3524 rim
262 3485 271 3537 ;
294 3469 327 3521 et
341 3457 455 3521 eodem
471 3466 617 3541 tempore
631 3457 707 3521 lecit
723 3458 793 3521 Rex
815 3457 904 3520 affari
921 3457 1029 3533 Cives,
1044 3466 1082 3520 ut
1107 3455 1168 3540 ipsi
1183 3456 1337 3523 iecissent

187 3562 286 3625 finem
301 3580 413 3623 versus
428 3580 503 3622 eum
519 3579 578 3642 pro
593 3557 847 3641 transgressione
862 3578 985 3621 eorum.
1022 3556 1099 3635 Qui,
1111 3556 1222 3621 habito
1238 3557 1337 3624 collo·

188 3665 274 3751 quio,
290 3661 528 3747 responderunt
541 3659 628 3743 quod
650 3657 747 3723 Cives
769 3681 836 3722 non
860 3658 1016 3743 equaliter
1036 3661 1227 3745 transgressi
1250 3673 1337 3726 sunt.

188 3767 330 3834 Quidam
353 3765 440 3829 enirn
463 3784 592 3848 semper
612 3762 744 3827 iuemnt
765 3762 806 3826 ad
830 3783 942 3846 paoem
967 3762 1102 3827 Domini
1124 3763 1233 3849 Regis,
1256 3786 1338 3848 quos

187 3870 257 3954 ipse
274 3880 352 3932 tunc
366 3865 521 3951 temporis
536 3865 665 3930 vocavit
679 3865 800 3929 amicos
816 3886 904 3928 suos.
948 3864 1090 3931 Quidam
1108 3877 1218 3932 autem
1239 3867 1337 3931 adhe·

190 3981 303 4036 serunt
326 3968 448 4034 Comiti
472 3968 666 4046 Leicestrie3
689 3979 739 4033 set
767 3968 897 4032 adhoc
922 3967 1035 4033 coacti.
1080 3969 1146 4033 Sed
1168 3968 1263 4034 multi
1284 3969 1337 4033 alii

189 4073 345 4139 maliciosi
369 4072 468 4159 gratis
489 4071 686 4138 adheserunt
709 4070 796 4139 dieto
822 4069 945 4137 Comiti
966 4083 1001 4139 et
1021 4070 1233 4160 eomplicibus
1259 4073 1338 4153 suis,
