3540 4830
742 452 920 493 retract.
1362 434 1435 497 xciii

230 602 354 659 tinentiis
375 604 404 658 in
425 603 559 658 comitatu
576 601 792 668 Suthhsntonie,
806 623 862 678 que
873 604 965 660 dictus
980 605 1070 680 Hngo
1083 605 1172 661 tenuit
1186 603 1232 661 die
1245 624 1302 679 quo
1316 604 1385 661 obiit
1398 605 1434 662 de

231 699 385 756 hereditate
396 700 513 756 isabelle
533 702 629 755 uxoris
643 720 700 764 sue,
713 715 740 756 et
756 721 810 775 que
824 701 859 756 de
872 703 953 758 nobis
966 716 1098 758 tenentur
1111 704 1139 756 in
1154 703 1256 776 eapite.
1271 702 1354 758 simul
1369 722 1433 758 eum

231 796 292 853 aliis
316 799 398 854 terris
419 809 448 854 et
472 798 647 852 tenementis.
672 816 726 871 que
751 798 862 853 fuenmt
883 800 969 873 ipsius
996 797 1130 865 Hugonis
1151 798 1196 853 die
1218 798 1352 873 predicto,
1374 801 1435 876 capi

231 893 378 951 t'eoerimus
392 897 420 950 in
434 914 548 951 manum
565 908 702 957 nostum,
716 915 749 950 ac
763 915 823 950 nos
837 896 919 951 dietis
940 897 1071 951 maneriis
1085 898 1124 952 sic
1140 897 1168 951 in
1183 916 1297 952 manum
1311 906 1436 953 nostram

232 991 424 1047 existentibus.
451 990 605 1064 ceperimus
634 988 793 1064 homagium
820 992 944 1065 ejudem
970 991 1089 1047 lsabelle
1110 991 1145 1046 de
1168 991 1271 1047 eisdem
1295 993 1435 1059 maneriis,

231 1088 345 1161 ipsaque
360 1086 479 1143 lsabella
500 1106 549 1160 per
571 1087 703 1159 scriptum
726 1106 806 1140 suum
830 1089 1008 1151 concesserit,
1022 1088 1156 1144 remiserit
1180 1100 1208 1142 et
1232 1088 1345 1143 omuino
1359 1090 1435 1162 quie·

231 1195 289 1239 tum
313 1183 472 1239 clamaverit
493 1203 543 1257 pro
565 1193 641 1237 sect
664 1182 812 1239 heredibus
834 1187 890 1239 suis
912 1187 1113 1259 imperpetuum
1135 1185 1216 1240 nobis
1234 1195 1263 1240 et
1286 1183 1436 1241 heredibus

231 1282 333 1336 nostris
351 1290 442 1336 totum
460 1281 508 1354 jus
529 1291 556 1335 et
579 1280 708 1335 elamium
729 1300 784 1355 que
804 1281 901 1337 habuit
917 1283 960 1337 rel
975 1282 1070 1356 aliquo
1091 1281 1174 1338 modo
1188 1280 1290 1337 habere
1304 1283 1393 1357 potuit
1408 1283 1435 1338 in

231 1378 362 1434 maneriis
387 1377 568 1451 supradictis;
593 1376 662 1439 Nos,
685 1377 809 1432 solentes
831 1378 920 1433 eidem
945 1378 1062 1434 lsabelle
1086 1392 1114 1433 et
1138 1378 1280 1433 ll'illelmo
1302 1379 1361 1434 filio
1386 1398 1436 1434 suo

231 1477 349 1548 gratiam
370 1474 462 1529 facere
483 1473 638 1548 specialem.
660 1475 847 1529 concessimus
861 1473 950 1528 eidem
967 1472 1083 1528 lsabelle
1098 1475 1220 1527 maneria
1235 1473 1358 1547 predicta
1372 1494 1436 1531 cum

232 1571 403 1646 pertinentiis
423 1569 542 1626 tenenda
563 1579 591 1625 et
612 1570 739 1626 habenda
761 1570 867 1643 prefate
888 1569 1005 1625 lsabelle
1019 1568 1056 1625 ad
1069 1582 1156 1624 totam
1172 1571 1259 1625 vitam
1274 1590 1352 1625 suam
1366 1572 1435 1627 adeo

232 1669 312 1743 plene
337 1677 366 1723 et
390 1669 506 1741 integre,
532 1668 601 1722 sicut
628 1669 655 1721 in
680 1686 792 1722 manum
817 1678 942 1721 nostrum
966 1678 1046 1740 capta
1067 1666 1190 1723 fuerunt,
1212 1667 1249 1720 ita
1272 1665 1348 1740 quod
1372 1678 1437 1741 post

233 1771 349 1816 mortem
370 1762 455 1836 ipsius
472 1761 590 1816 lsabelle
611 1763 734 1816 maneria
749 1761 871 1834 predicta
885 1780 949 1815 cum
963 1762 1136 1835 pertinentiis
1151 1775 1310 1816 remaneant
1325 1763 1434 1836 prefato

235 1857 377 1914 ll'illelmo
391 1858 517 1914 habenda
532 1867 559 1913 et
574 1858 691 1913 tenenda
714 1859 764 1912 sibi
779 1870 806 1912 et
822 1856 970 1913 heredibus
985 1858 1042 1913 suis
1056 1857 1090 1913 de
1105 1876 1220 1932 corpore
1236 1878 1286 1913 suo
1300 1858 1436 1933 legittime

233 1955 384 2029 procreatis
404 1953 438 2008 de
460 1954 539 2008 nobis
553 1964 581 2008 et
598 1952 744 2008 heredibus
766 1955 869 2010 nostris
884 1973 932 2028 per
947 1955 1062 2010 servicia
1078 1954 1142 2010 iude
1157 1954 1249 2011 debita
1263 1966 1290 2010 et
1304 1967 1436 2013 consueta

233 2051 445 2124 imperpetuum.
489 2050 525 2105 Et
552 2051 574 2105 si
595 2051 667 2105 idem
684 2050 841 2106 Willelmus
863 2053 922 2107 sine
942 2051 1044 2108 herede
1058 2052 1092 2108 de
1106 2071 1222 2126 corpore
1237 2072 1288 2107 suo
1302 2052 1436 2127 legittime

233 2156 378 2222 procreato
392 2147 498 2205 obierit,
515 2156 581 2202 tune
603 2150 723 2202 maneria
739 2148 787 2204 illa
801 2168 864 2203 cum
879 2150 1052 2223 pertinentiis
1066 2149 1204 2205 adrectos
1222 2149 1336 2205 heredes
1350 2151 1436 2223 ipsius

234 2242 353 2299 lsabelle
364 2243 470 2317 integre
485 2256 658 2299 revertantur
671 2245 789 2301 tenenda
804 2246 837 2300 de
852 2246 933 2301 nohis
946 2256 973 2301 et
989 2246 1136 2300 heredibus
1147 2247 1249 2301 nostris
1261 2265 1309 2321 per
1320 2246 1436 2301 servicia

234 2338 356 2413 predicta
380 2338 590 2413 imperpetuum.
642 2342 736 2402 Quare
761 2341 899 2405 volumus,
925 2344 975 2398 die.
999 2342 1071 2396 sicut
1096 2341 1248 2414 predictum
1273 2348 1326 2396 est.
1369 2339 1434 2397 Hiis

233 2435 358 2499 testibus,
382 2436 530 2491 venerabili
552 2450 629 2510 patre
652 2436 778 2492 ll'altero
802 2437 986 2493 Coveutrensi
1013 2448 1039 2492 et
1067 2437 1277 2513 Lychefeldensi
1297 2439 1435 2513 episcopo,

235 2531 360 2588 ilenrico
374 2531 408 2588 de
420 2532 497 2609 Lacy
512 2535 612 2588 comite
627 2533 780 2598 Lincolnie‚
798 2533 927 2589 Johanne
944 2534 979 2589 de
996 2533 1139 2591 Britannia
1153 2536 1272 2609 juniore,
1286 2539 1433 2591 Amaueuo

233 2629 267 2684 de
281 2630 309 2685 la
333 2628 409 2694 Bret‚
436 2630 560 2703 Hugone
579 2629 613 2684 de
630 2630 711 2694 l'eer,
734 2630 875 2686 ll'illelmo
894 2631 919 2686 le
934 2630 1072 2695 Vavasur‚
1092 2632 1234 2688 ll'illelmo
1259 2632 1293 2689 de
1317 2632 1436 2710 Ryther,

236 2726 360 2782 lloberto
374 2725 408 2780 de
422 2725 448 2781 la
461 2727 566 2782 ll'arde
581 2728 733 2783 senescallo
748 2728 862 2803 hospicii
877 2731 974 2785 nostri.
1007 2730 1114 2786 Datum
1125 2749 1175 2806 per
1185 2750 1297 2787 manum
1308 2740 1435 2786 nostrum

233 2822 305 2896 apud
335 2822 482 2900 Brustwyk
512 2825 607 2879 xxviii⁰
631 2824 674 2880 die
703 2824 878 2881 Novembris.
922 2827 977 2884 Per
1004 2828 1094 2902 ipsum
1123 2827 1231 2902 Regem
1255 2827 1434 2883 nunciantem

236 2916 394 2994 ll'(alter0)
410 2919 596 2976 Coventrensi
611 2931 639 2977 et
657 2920 869 2997 Lychefeldensi
887 2922 1052 2997 Episcop0.”

274 3013 322 3071 On
347 3015 395 3070 the
421 3016 503 3073 Close,
528 3017 594 3073 Roll
619 3019 642 3072 is
665 3017 712 3073 the
736 3019 835 3092 King's
860 3019 942 3076 letter
962 3030 992 3076 to
1009 3020 1119 3075 Walter
1139 3021 1173 3076 de
1194 3020 1372 3086 Gloucester‚
1387 3019 1435 3076 the

232 3110 376 3167 escheator
401 3112 510 3187 beyond
536 3113 634 3176 Trent,
661 3115 777 3187 reeiting
801 3115 847 3170 the
870 3125 996 3170 eontents
1018 3116 1051 3170 of
1069 3115 1117 3171 the
1141 3117 1229 3173 abore
1255 3114 1382 3172 charters
1406 3116 1440 3171 os

234 3208 354 3264 isabella
372 3209 490 3264 Bardolf
505 3209 560 3264 aud
575 3210 608 3264 of
624 3209 747 3273 himself,
765 3211 819 3265 arrd
830 3211 941 3284 adding,
964 3222 982 3247 “
995 3211 1056 3267 Nos
1069 3213 1195 3268 volentes
1210 3213 1300 3268 eidem
1315 3211 1435 3268 Isabelle

233 3307 350 3379 gratiam
366 3308 522 3362 uberiorem
537 3309 627 3363 faeere
642 3308 668 3361 in
684 3307 736 3363 hae
752 3322 837 3383 parte,
850 3310 928 3364 vobis
943 3309 1107 3365 mandamus
1122 3308 1197 3383 quod
1211 3307 1299 3365 eidem
1315 3306 1435 3363 Isabelle

233 3404 323 3458 omnia
352 3404 424 3458 borna
452 3415 479 3459 et
508 3404 608 3459 catalla
633 3415 726 3460 nostra
753 3406 780 3459 in
805 3406 907 3460 eisdem
932 3407 1061 3462 maneriis
1085 3407 1240 3471 existentia,
1265 3403 1347 3459 simul
1372 3421 1435 3458 eum

233 3501 361 3556 omnibus
382 3500 501 3556 exitibus
523 3521 538 3556 a
561 3501 684 3575 predicto
699 3503 829 3557 vicesimo
851 3504 941 3575 primo
962 3502 1005 3557 die
1028 3502 1196 3558 Novembris
1216 3499 1281 3556 inde
1300 3498 1436 3573 perceptis

233 3597 355 3652 liberetis
374 3595 408 3649 de
430 3597 503 3651 dono
525 3607 622 3651 nostro
644 3597 766 3670 speciali.
810 3596 895 3650 Teste
919 3597 997 3668 llege
1011 3596 1084 3668 apud
1111 3594 1260 3671 Brustwyk
1282 3593 1377 3649 xxviii⁰
1391 3594 1436 3652 die

235 3691 431 3748 Not·e1ubris.''

275 3787 338 3843 The
352 3787 436 3842 entail
452 3787 485 3842 of
502 3786 580 3842 these
594 3806 706 3841 mauors
721 3805 795 3861 upon
812 3785 936 3840 ll'illiam
952 3784 1077 3848 bardolf,
1099 3784 1201 3841 second
1222 3805 1271 3841 son
1294 3785 1327 3842 of
1346 3786 1436 3863 Hugh

237 3885 311 3940 Lord
330 3884 448 3941 Barduli
465 3884 520 3941 aud
542 3885 574 3939 ol
596 3883 643 3939 the
666 3882 745 3960 Lady
769 3882 895 3940 lsabella.
921 3901 1004 3937 never
1025 3882 1090 3937 took
1111 3883 1199 3950 efflet,
1231 3883 1322 3959 owing
1342 3893 1372 3940 to
1392 3885 1436 3940 his

235 3985 347 4035 ‹lei-ease
373 3983 398 4035 in
424 3980 475 4036 her
499 3981 613 4035 lifetime
639 3978 753 4035 without
778 3979 859 4034 issue.
903 3979 934 4034 ln
956 3977 1003 4034 the
1028 3978 1078 4034 eth
1103 3999 1168 4056 year
1192 3980 1225 4036 of
1248 3979 1368 4037 Edward
1389 3978 1438 4034 the
