3540 4830
489 513 748 559 vicacourrurr
773 512 1060 558 nosnouranou.
1307 499 1345 556 15

199 667 240 730 ad
255 667 518 752 respondendum
535 666 575 730 de
590 676 762 752 prenotato
773 666 907 751 judicio,
920 666 1007 750 quod
1023 666 1142 729 iactum
1159 664 1221 727 fuit
1236 675 1348 728 contra

198 771 375 854 predictam
400 770 593 853 Margeriam
619 769 714 853 Vyel,
737 780 770 833 et
794 769 840 834 sic
866 770 905 833 de
930 769 981 831 die
1005 768 1037 831 in
1063 768 1148 832 diem
1178 789 1281 852 usque
1307 767 1348 830 ad

199 883 349 955 quartum
368 872 453 936 diem
464 897 473 949 ;
496 893 561 956 quo
586 871 638 934 dic
663 871 826 934 Dominus
853 873 922 934 Rex
944 871 1068 954 rogavit
1083 871 1167 948 illos,
1182 881 1219 933 ut
1234 891 1348 933 conce-

199 973 313 1037 derent
338 973 459 1037 Abbati
486 973 768 1036 westmonasterii
795 975 835 1036 ad
862 973 1026 1037 habendas
1055 973 1232 1050 libertates,
1266 993 1348 1056 quos

198 1076 268 1159 ipse
288 1076 317 1139 ei
339 1075 471 1139 dederat
491 1075 523 1137 in
541 1074 708 1137 Comitatu
725 1075 932 1159 Myddelsex,
948 1075 979 1137 in
997 1073 1199 1138 excambium
1216 1072 1348 1135 aliarum

199 1176 395 1254 libertatum,
422 1198 501 1260 quas
529 1175 625 1238 Cives
655 1187 832 1259 potuerunt
855 1176 895 1239 de
922 1177 994 1259 jure
1020 1187 1139 1261 petere.
1185 1175 1238 1237 Ad
1262 1174 1350 1259 quod

202 1278 300 1343 Cives
316 1279 564 1364 responderunt,
593 1277 711 1362 “quod
727 1278 825 1340 nichil
847 1279 923 1342 inde
947 1279 1050 1342 lacere
1077 1286 1255 1362 potuerunt
1281 1277 1349 1339 sine

198 1402 332 1444 assensu
346 1381 446 1444 totius
463 1380 678 1443 Communc.''
702 1380 792 1446 Quin
809 1380 1031 1464 apprehensus
1044 1382 1125 1456 Rex,
1135 1380 1225 1464 quasi
1242 1390 1350 1442 motus

200 1482 234 1545 in
247 1483 337 1559 iram,
349 1483 425 1545 fecit
437 1504 493 1544 eos
506 1482 613 1544 venire
626 1503 733 1544 coram
748 1504 793 1558 se,
809 1494 842 1544 et
854 1483 964 1545 multis
979 1481 1242 1545 altercationibus
1259 1479 1351 1543 factis

201 1607 298 1670 super
313 1585 460 1669 predicto
479 1584 613 1667 judicia,
629 1594 663 1647 et
686 1584 829 1647 llenrico
851 1585 891 1647 de
915 1585 946 1646 la
967 1585 1071 1661 Mare,
1092 1583 1186 1646 affine
1209 1582 1352 1666 predicte

199 1688 360 1771 Margerie
378 1686 473 1772 Vyel,
493 1708 622 1770 semper
644 1687 801 1770 allegante
824 1698 936 1750 contra
952 1686 1069 1762 Cives3
1094 1686 1224 1748 tandem
1241 1683 1352 1747 habito

198 1791 334 1854 consilio
351 1789 587 1873 Episcoporum
605 1799 638 1852 et
661 1790 825 1852 Baronum
848 1812 956 1853 coram
972 1789 1117 1852 Domino
1134 1787 1221 1870 Rege
1246 1786 1353 1848 Maior

203 1902 237 1955 et
252 1892 338 1954 cives
354 1891 454 1974 quieti
470 1901 681 1954 recesserunt.
727 1891 852 1954 Eodem
876 1913 962 1954 anno
983 1891 1086 1953 factus
1104 1899 1156 1952 est
1172 1887 1279 1951 Maior
1294 1887 1353 1951 ite·

199 2016 271 2057 rum
304 1992 446 2056 Michael
470 1994 574 2079 Tovy.
620 1995 872 2057 Memorandum
899 1994 1085 2078 quodcum
1117 1992 1241 2077 Symon
1268 1990 1353 2053 filius

199 2096 304 2160 Maria
334 2119 393 2181 pro
423 2095 540 2159 delicto
571 2119 631 2159 suo
662 2097 848 2159 tradidisset
877 2096 1168 2160 Aldermannatum
1195 2116 1290 2157 suum
1319 2094 1354 2156 in

199 2221 315 2261 manus
336 2197 489 2275 civitatis,
505 2197 589 2260 sicut
604 2198 752 2282 superius
770 2207 917 2261 notatum
933 2208 994 2275 est,
1010 2209 1088 2260 tunc
1111 2218 1169 2280 per
1184 2217 1353 2258 assensum
1464 2270 1466 2274 ι

198 2300 300 2363 totius
323 2320 495 2362 commune
514 2299 622 2362 Maior
647 2299 788 2361 reddidit
808 2300 838 2361 ei
854 2298 1145 2363 Aldermannatum
1169 2320 1276 2375 suum,
1297 2296 1354 2358 tali

198 2402 396 2477 conditione,
412 2401 499 2484 quod
515 2401 584 2483 ipso
605 2402 776 2478 concessit,
792 2400 819 2463 si
834 2401 973 2485 amplius
989 2400 1097 2484 aliquo
1115 2410 1261 2483 tempore
1277 2420 1355 2461 con-

201 2514 250 2566 tra
264 2502 445 2566 libertatem
463 2501 612 2565 Civitatis
623 2503 758 2579 veniret,
775 2504 861 2586 quod
885 2503 993 2566 Maior
1013 2512 1124 2587 posset
1145 2503 1214 2564 sine
1236 2501 1354 2584 placito

201 2606 254 2671 vel
292 2604 545 2668 contradictione
578 2604 684 2688 aliqua
715 2605 1007 2669 Aldermannatum
1037 2628 1133 2668 suurn
1167 2604 1201 2667 in
1236 2624 1352 2666 manus

202 2707 351 2772 Civitatis
381 2705 546 2784 rehabere,
576 2705 647 2789 ipso
677 2707 807 2792 penitus
838 2717 997 2771 amoturo.
1043 2707 1141 2771 Unde
1164 2706 1227 2769 hoc
1256 2726 1353 2781 anno,

199 2812 274 2896 quia
300 2811 406 2874 dictus
431 2808 554 2894 Symon
580 2821 713 2873 steterat
738 2811 906 2875 manifeste
933 2833 1007 2874 cum
1036 2807 1295 2893 blargeriaVyel
1319 2808 1353 2871 in

199 2911 411 2997 querimonia,
427 2932 523 2994 quam
540 2912 593 2974 illa
607 2913 725 2976 lecerat
741 2913 886 2976 Domino
903 2913 983 2996 Regi
999 2913 1039 2976 de
1062 2912 1186 2995 judicio
1207 2910 1283 2973 dato
1299 2930 1358 2994 per

200 3017 308 3093 Cives,
324 3015 364 3079 de
380 3037 444 3099 quo
460 3015 531 3098 ipsa
555 3017 703 3080 convicta
726 3017 798 3093 fuit,
822 3017 907 3080 sicut
930 3017 1149 3101 prescriptum
1174 3024 1235 3092 est,
1259 3024 1293 3077 et
1313 3012 1356 3076 ob

198 3119 317 3181 multas
347 3117 424 3180 alias
454 3138 569 3200 pravas
594 3140 707 3182 causas
731 3129 765 3182 et
791 3118 1009 3195 detestabiles,
1034 3139 1115 3202 quas
1142 3118 1212 3202 ipse
1242 3126 1357 3180 'contra

200 3220 374 3283 Civitatem
398 3219 524 3282 occulte
547 3232 799 3304 perpetraverat,
827 3222 935 3285 Maior
957 3221 1044 3304 cepit
1063 3220 1355 3282 Aldcrmannatum

198 3322 339 3385 illumin
356 3342 487 3383 manum
511 3342 615 3393 suam,
641 3323 714 3408 ipso
739 3323 873 3386 omnino
898 3333 1028 3398 amot03
1051 3332 1085 3384 et
1099 3320 1248 3383 homines
1269 3318 1353 3381 illius

199 3424 315 3500 warde,
339 3431 470 3505 accepta
500 3421 628 3485 licentia
654 3424 803 3506 eligendi,
829 3423 994 3507 elegerunt
1020 3423 1052 3485 in
1081 3421 1132 3484 die
1158 3422 1251 3485 Lune
1277 3431 1352 3483 ante

198 3524 337 3589 mediam
368 3521 642 3605 quadragesimam
670 3525 891 3587 Alexandrum
916 3524 946 3587 lc
974 3525 1109 3601 Ferrun,
1136 3533 1169 3585 et
1194 3523 1292 3585 etiam
1317 3521 1350 3583 in

199 3627 345 3692 absentia
359 3625 456 3701 illius,
483 3624 536 3706 qui
560 3637 674 3708 postca
697 3627 832 3690 veniens
854 3627 887 3689 in
911 3626 1088 3709 Hustingo,
1112 3625 1164 3688 die
1179 3625 1273 3688 Lune
1300 3645 1350 3687 se-

198 3730 321 3817 quenti,
356 3727 516 3790 admissus
553 3738 604 3791 est
634 3730 883 3793 Aldermannus.
929 3728 1054 3793 Eodem
1085 3751 1170 3791 anno
1200 3728 1233 3790 in
1263 3727 1348 3790 festo

198 3834 308 3899 Sancti
325 3830 451 3895 Mathci
467 3841 626 3894 venerunt
641 3854 786 3896 rumores
803 3831 996 3909 Londoniis,
1011 3829 1099 3915 quod
1116 3830 1185 3894 Rex
1202 3829 1346 3909 Francia,
1359 3850 1396 3897 oe
1406 3852 1513 3913 capram

199 3938 353 4022 navigans
384 3957 458 3999 cum
489 3955 606 4018 magno
636 3938 780 4002 exercitu
804 3936 990 4001 Christiano
1020 3956 1117 4020 super
1143 3933 1346 4013 Sarracenos,
1357 3916 1562 4043 axam&
