3540 4830
451 496 706 541 vrcscourruu
731 497 1016 542 aosnomaausr.
1267 481 1325 539 101

179 645 1328 734 -Saloppia-staffordia-Oroma-Barkschire-Bukingham-

183 750 1224 836 Bcdefordia—Norhamptuue-Cantebrigge-Huntingdune.

227 858 385 920 'Nomina
400 855 634 919 Vicecomitum
651 867 729 918 tunc
744 856 899 939 temporis
915 855 947 917 iu
964 854 1091 937 Anglia.
1344 860 1394 921 ¹s0·
1408 861 1454 909 ¹⁰8
1466 868 1498 909 θ·

275 960 437 1023 Robertus
453 959 493 1022 de
506 959 644 1042 Layum,
659 959 848 1022 Vicecomcs
864 959 904 1021 de
919 957 1199 1043 Evarwykschire.

270 1063 466 1126 Williclmus
491 1062 531 1125 de
550 1060 806 1138 Huntercumbe,
822 1062 1013 1125 vicecomes
1038 1062 1077 1125 de
1103 1059 1329 1124 Norhumber·

312 1166 399 1229 land.

269 1269 465 1332 Willielmus
481 1268 521 1332 de
537 1268 656 1351 Deyre,
668 1267 856 1329 Vicecomes
872 1266 911 1329 de
928 1265 1159 1331 Cumberland.

270 1372 384 1435 Simon
401 1373 440 1435 de
460 1371 610 1447 Haduna,
627 1370 815 1432 Vicacomes
831 1369 871 1431 de
888 1370 1101 1454 Notingham.

268 1475 438 1538 ,Iohannes
461 1475 490 1537 le
513 1473 637 1549 Mania,
653 1472 841 1536 Vicecomes
858 1471 897 1533 de
914 1472 1155 1558 Norhampton.

270 1578 486 1662 Baldewynus
506 1574 546 1637 dc
574 1574 649 1637 Scin
667 1574 775 1652 Mora,
791 1574 980 1637 Vicecomes
1005 1575 1044 1638 de
1070 1575 1281 1661 Cantebrigia
1296 1586 1330 1640 et

313 1680 353 1742 de
371 1677 620 1760 Huntingdona.

270 1781 432 1843 Robertus
448 1780 488 1842 de
505 1780 666 1856 Nectum,
681 1779 870 1842 Vicecomes
886 1778 1020 1841 Sufolke
1032 1788 1066 1841 et
1079 1778 1250 1843 Norfolkc.

271 1884 409 1945 Samson
424 1883 541 1958 Folia,
557 1882 746 1945 Vicecomas
762 1881 803 1944 de
820 1882 950 1944 Oxonia
965 1892 998 1944 et
1012 1880 1213 1945 Barkschire.

272 1987 429 2049 Ricardus
454 1985 494 2048 de
520 1983 695 2069 Heylham,
711 1985 900 2048 Vicecomes
917 1985 956 2047 de
975 1984 1110 2049 Essexia
1125 1995 1158 2049 et
1173 1986 1213 2049 de
1231 1985 1331 2049 Hert·

313 2091 396 2154 ford.

273 2193 431 2256 Radulfus
448 2193 620 2267 Sansaver,
632 2191 821 2255 Vicecomes
837 2190 877 2254 de
894 2191 1016 2276 Sureyc
1031 2190 1120 2254 etde
1136 2189 1289 2255 Susexia.

269 2297 440 2358 Johannes
457 2296 496 2358 de
515 2293 673 2370 Hockele‚
688 2294 879 2357 Vicecomes
896 2294 936 2357 de
949 2295 1186 2377 Suhamptuna.

275 2399 373 2461 Fulco
388 2398 565 2473 Peinfurer,
581 2397 770 2460 Vicecomes
786 2397 826 2459 dc
844 2397 945 2460 Kent.

269 2500 466 2562 Willielmus
483 2501 523 2563 de
540 2501 629 2576 Dun,
644 2500 833 2564 Vicecomas
850 2501 890 2563 de
907 2500 1064 2563 Wiltuna.

269 2602 415 2664 Andreas
431 2602 550 2680 Wake,
564 2602 754 2666 Vicecomes
771 2603 810 2666 de
827 2603 1012 2666 Sumersete
1028 2610 1061 2662 et
1071 2600 1222 2663 Dorsete.

269 2704 464 2767 Willielmus
480 2705 520 2767 de
538 2703 642 2781 Bikel,
657 2705 848 2769 Vicecomes
865 2705 905 2768 de
922 2702 1173 2767 Deveneschire.

271 2808 427 2871 Ricardus
443 2808 483 2871 de
502 2808 639 2885 Hockel‚
654 2808 844 2872 Vicecomes
860 2809 901 2871 dc
918 2806 1105 2870 Glovemia.

271 2910 432 2973 Robertus
449 2911 489 2973 de
506 2911 816 2988 Grele,Vicecomes
832 2911 873 2975 de
891 2911 1063 2976 Hereford.

270 3015 464 3079 Willielmus
482 3016 597 3099 Bagot,
612 3016 801 3080 Vicccomes
823 3017 863 3079 dc
879 3014 1052 3098 Warewyk
1068 3023 1102 3077 et
1117 3014 1302 3079 Leicestria.

268 3117 432 3180 Walterus
449 3118 488 3181 de
506 3119 658 3202 Hoptun,
674 3118 863 3182 Vicecomes
880 3118 920 3181 de
936 3117 1089 3202 Saloppia
1104 3127 1138 3179 et
1155 3118 1309 3181 Stafford.

227 3219 300 3281 Hoc
312 3241 398 3282 anno
410 3221 471 3282 fuit
487 3222 645 3283 maximus
657 3233 775 3284 ventus
791 3222 822 3283 in
839 3221 980 3284 crastino
997 3220 1107 3283 Sancti
1125 3219 1262 3283 Hiilarii.

227 3320 301 3382 Hoc
310 3342 408 3398 anno,
419 3322 513 3384 tertia
522 3323 573 3384 die
585 3333 659 3384 ante
673 3321 967 3384 Annunciationem
980 3320 1198 3397 Dominicam,
1209 3321 1330 3385 scilicet

181 3434 259 3485 tunc
272 3423 426 3505 temporis
442 3421 493 3485 die
507 3424 650 3500 Veneris,
661 3424 737 3486 fecit
749 3423 914 3485 Dominus
928 3424 998 3486 Rex
1010 3422 1120 3485 venire
1132 3443 1239 3485 coram
1252 3445 1286 3486 se
1298 3433 1332 3487 et

181 3525 316 3588 consilio
333 3547 391 3587 suo
408 3525 504 3588 Cives
522 3526 763 3588 Londoniarum
780 3536 813 3588 et
825 3525 986 3588 concessit
1002 3525 1048 3588 eis
1065 3524 1220 3607 quasdam
1235 3525 1332 3590 liber·

182 3640 276 3706 tates,
293 3630 375 3692 sicut
387 3630 419 3691 in
436 3630 497 3692 hoc
513 3628 594 3691 libro
617 3627 821 3700 subnotatur,
838 3627 1010 3692 subtractis
1026 3627 1173 3712 pluribus
1188 3630 1331 3694 articulis

182 3731 222 3793 de
232 3729 433 3793 libertatibus
444 3731 781 3813 Civitatis‚qu0usquc
794 3729 928 3814 gratiam
940 3731 1143 3794 invenissent
1154 3731 1330 3797 meliorem.

229 3833 303 3896 Hoc
328 3854 424 3908 anno,
443 3833 475 3895 in
504 3832 683 3917 septimana
709 3843 783 3896 ante
806 3834 926 3895 Ramos
954 3832 1148 3910 Palmarum,
1173 3833 1331 3917 eligerunt

182 3936 279 4000 Cives
291 3935 533 4000 Londoniarum
549 3957 605 3999 sex
615 3935 701 3998 viros
717 3957 775 4020 per
785 3945 973 4021 preceptum
986 3936 1119 4000 Domini
1136 3934 1244 4022 Regis,
1260 3938 1329 4024 ¹qui
1344 3947 1392 4007 ¹so.
1406 3948 1452 3998 108
1464 3967 1535 4000 m.
