3540 4830
476 478 734 525 vrosoorrrrou
758 477 1043 524 uosnomauurr.
1263 454 1323 531 107

174 632 284 711 Teste,
305 641 364 714 δίε.
391 634 513 698 Datum
542 629 629 715 apud
648 629 861 710 wodestoke,
882 650 994 695 mense
1015 626 1108 709 Julii,
1127 648 1213 693 anno
1234 626 1324 713 regni

175 736 278 799 nostri
293 735 354 820 lij⁰.

221 839 282 903 Per
295 838 384 903 istud
398 837 587 901 mandatum
607 836 731 922 ηςίιιω
753 835 1025 923 supersedebatur
1039 835 1146 901 dictus
1166 833 1324 920 Magister

177 941 218 1004 de
232 962 291 1005 sua
305 940 497 1006 executione
512 939 667 1004 iacienda.

221 1042 483 1119 Memorandum,
492 1040 579 1125 quod
591 1040 798 1125 quamplures
814 1039 964 1105 Civitatis
979 1039 1234 1116 londoniarum,
1248 1058 1323 1103 cum

176 1142 271 1208 bonis
294 1145 373 1224 suis,
387 1145 536 1209 exierunt
560 1166 580 1207 a
604 1142 756 1220 Ciuitate,
770 1143 816 1208 ita
840 1144 928 1229 quod
944 1143 1042 1207 nichil
1066 1142 1175 1226 potuit
1188 1133 1326 1206 inveniri

178 1268 235 1331 per
259 1247 349 1331 quod
373 1247 437 1332 ipsi
461 1256 597 1332 possent
622 1245 772 1329 distringi
786 1245 827 1308 ad
841 1245 1024 1330 portionem
1040 1266 1137 1331 super
1150 1266 1207 1309 eos
1222 1264 1326 1308 asses·

177 1370 247 1412 sam
261 1349 441 1428 levandam,
456 1350 544 1415 unde
560 1349 657 1414 Cives
671 1350 927 1434 impetraverunt
949 1349 1051 1434 regias
1065 1348 1174 1413 literas
1189 1346 1326 1411 subhac

188 1472 384 1618 oriddiidcus
405 1553 468 1618 Dei
485 1552 597 1638 gratia,
623 1562 682 1634 ⁸50·
700 1551 864 1618 Omnibus
887 1551 1020 1617 Ballivis
1035 1560 1069 1616 et
1082 1550 1232 1616 fidelibus
1247 1550 1326 1629 suis,
1338 1561 1504 1637 121¹st

178 1655 218 1718 ad
231 1677 313 1740 quos
324 1666 491 1740 presentes
506 1655 613 1720 littere
628 1654 844 1740 pervenerint,
859 1654 1006 1718 salutem.
1037 1652 1122 1716 Cum
1138 1651 1268 1736 quidam
1284 1652 1325 1717 de
1337 1626 1545 1739 Quam*

179 1756 320 1820 Ciuitate
349 1766 460 1820 nostre
486 1756 740 1834 Londoniarum,
769 1777 844 1820 cum
870 1753 1086 1820 mercimoniis
1114 1763 1148 1817 et
1172 1752 1268 1816 bonis
1292 1763 1326 1816 et
1339 1754 1543 1829 imsulsus*

178 1856 301 1921 catallis
328 1857 395 1920 suis
419 1856 556 1922 eandem
579 1856 753 1922 Civitatem
775 1859 842 1922 sint
867 1856 997 1943 egressi,
1018 1822 1545 1942 subternigialque-ffflir‘iffim

179 1958 295 2023 rendae
310 1970 348 2024 ut
356 1959 404 2024 sic
415 1959 552 2024 latenter
563 1960 743 2045 diffugiant,
752 1982 817 2045 quo
828 1960 936 2024 minus
946 1958 1109 2043 tallagium
1124 1978 1221 2042 super
1235 1957 1324 2042 ipsos
1336 1946 1545 2073 22me

178 2082 342 2126 assensum
364 2083 424 2146 pro
439 2061 503 2127 fine
518 2063 633 2147 viginti
648 2063 773 2127 milium
788 2084 977 2141 marcarum,
988 2082 1086 2146 quem
1102 2060 1200 2125 Cives
1222 2062 1324 2125 nostri
1335 2090 1383 2125 m

178 2162 263 2228 dicte
290 2163 440 2228 Civitatis
463 2162 633 2229 nobiscum
663 2165 808 2230 lecerunt
832 2186 892 2249 pro
917 2163 1004 2227 bona
1025 2163 1193 2227 voluntate
1215 2173 1327 2227 nostra

177 2265 336 2343 habenda,
351 2267 547 2350 persolvant,
562 2268 781 2333 concessimus
799 2267 920 2332 eisdem
942 2265 1078 2330 Civibus
1092 2265 1223 2343 nostris,
1238 2265 1326 2350 quod

177 2369 395 2447 mercimonia,
419 2368 506 2434 bona
530 2379 565 2434 et
585 2369 699 2435 catalla
710 2369 885 2433 Civitatem
909 2366 1087 2450 predictam
1110 2366 1157 2431 sic
1181 2387 1326 2451 egresso·

177 2490 262 2546 rum,
276 2468 471 2554 ubicumque
485 2493 524 2535 es
538 2472 572 2535 in
587 2492 687 2555 regno
712 2480 826 2535 nostro
840 2468 978 2534 inveniri
993 2467 1170 2552 continget,
1184 2478 1326 2532 merten·

177 2582 241 2650 tur,
270 2572 374 2637 donec
403 2573 443 2637 de
472 2573 600 2658 tallagio
630 2593 727 2658 super
754 2572 844 2659 ipsos
880 2592 1007 2635 assesso
1043 2570 1256 2635 satisfecerint
1284 2571 1326 2636 ad

177 2674 320 2759 plenum.
365 2675 411 2740 Et
433 2675 507 2740 ideo
532 2675 626 2740 vobis
648 2675 839 2739 mandamus
858 2673 946 2758 quod
962 2672 1178 2751 mercimonia,
1192 2672 1279 2738 bona
1293 2686 1327 2739 et

176 2775 290 2840 catalla
310 2775 528 2860 predictorum
545 2776 719 2842 Civitatem
735 2776 823 2840 illam
838 2775 885 2840 sie
899 2796 1112 2860 egressorum,
1131 2773 1326 2861 ubicumque

175 2899 213 2942 ea
232 2877 266 2941 in
281 2898 380 2962 regno
395 2888 509 2942 nostro
524 2878 670 2963 predicto
684 2877 820 2943 inveniri
836 2878 1017 2962 contigerit,
1039 2876 1171 2943 arestari
1192 2878 1327 2956 faciatis,

175 2980 279 3045 donec
293 2979 456 3066 tallagium
480 2981 662 3066 predictum
686 2981 841 3046 solverint
866 2980 1019 3065 plenarie,
1037 2980 1121 3046 sicut
1144 2979 1326 3065 predictum

175 3094 237 3148 est.
294 3083 334 3147 ln
356 3085 449 3168 eujus
469 3085 514 3148 rei
534 3085 723 3150 testimonio
741 3085 800 3148 has
822 3084 945 3149 litteras
963 3095 1092 3148 nostras
1106 3082 1175 3148 fieri
1190 3085 1326 3149 fecimus

175 3193 334 3269 patentes.
376 3185 475 3250 Teste
500 3208 553 3252 me
574 3188 647 3272 ipso
662 3186 750 3273 apud
764 3185 960 3264 Wodestolr,
974 3185 1041 3269 xiiij
1066 3184 1119 3249 die
1133 3184 1214 3249 Julii
1239 3207 1325 3249 anno

176 3286 266 3371 regni
281 3285 385 3349 nostri
399 3286 457 3370 lij0.

219 3387 294 3451 Hoc
305 3409 391 3451 anno
402 3387 565 3452 Dominus
580 3387 781 3452 Eadvrardus
795 3397 830 3451 et
844 3385 1008 3452 Dominus
1019 3384 1189 3451 Gilbertus
1204 3385 1325 3452 Comes
1336 3396 1373 3445 De
1382 3399 1520 3511 mm„

176 3487 385 3565 Glouvernie‚
400 3498 434 3553 et
455 3487 549 3551 multi
574 3488 628 3552 alii
655 3488 826 3572 Magnetes
853 3487 894 3552 de
917 3508 1016 3572 regno
1036 3485 1153 3571 Anglie
1168 3478 1463 3577 oeperuntffldg
1480 3480 1520 3512 ⁸⁸⁸

175 3592 314 3657 Crucem
329 3589 416 3674 apud
431 3589 690 3655 Norhemtonam
705 3590 739 3653 in
755 3591 839 3654 sesto
857 3589 968 3655 Sancti
982 3587 1145 3654 Johsnnis
1166 3588 1325 3675 nuptiate,

173 3695 208 3759 in
223 3692 406 3758 subsidium
416 3693 515 3757 Terre
528 3692 646 3758 Sancte
662 3690 848 3778 profecturi.

263 3794 404 3860 Predicti
419 3793 585 3859 Walterus
603 3794 717 3871 llervi,
1338 3796 1523 3849 samir-ot·

261 3909 295 3964 et
309 3897 493 3962 wiliermus
508 3897 549 3962 ae
564 3897 741 3962 Durehsm.
1330 3862 1528 3984 lxm?
