3540 4830
723 505 901 551 nnnsaoa.
1299 483 1411 546 lxxxiii

212 653 341 722 Credon,
355 661 383 712 et
397 656 580 732 quadraginta
593 657 724 716 solidatas
745 666 818 716 terre
832 669 860 716 et
874 657 998 716 redditus
1012 676 1076 714 curn
1090 655 1262 732 pertinentiis
1277 655 1305 710 in
1321 654 1408 712 Edel-

209 759 304 807 meton
317 752 346 807 in
361 753 453 809 dotem
467 753 501 810 de
515 754 588 811 dono
601 756 717 832 predicti
733 757 860 824 Roberti‚
872 755 1012 832 qnondam
1023 756 1075 811 viri
1089 755 1140 820 sui,
1152 762 1180 810 et
1191 752 1266 828 quod
1281 750 1409 818 Isabella,

208 864 280 901 uxor
301 846 432 923 Hugonis
452 848 578 917 Bardolf‚
599 860 643 907 est
665 851 722 908 filie
745 860 774 908 et
795 852 876 908 heres
900 851 1081 926 propinquior
1102 847 1218 924 predicti
1243 846 1358 903 Roberti
1379 855 1407 901 et

209 940 290 1017 plene
310 943 402 1009 etatis,
422 945 585 1002 mandatum
598 955 641 1002 est
654 946 778 1022 predicto
793 946 949 1004 Malcuiino
963 946 1039 1022 quod
1053 945 1126 1001 dicta
1141 942 1272 1009 maneria,
1288 949 1362 997 terro
1376 949 1405 996 et

209 1036 333 1094 redditus
356 1040 484 1116 predicti,
504 1060 558 1116 que
580 1043 723 1099 occasione
743 1044 841 1099 mortis
861 1043 983 1120 predicte
1005 1043 1169 1118 Margarete
1188 1048 1269 1115 capta
1290 1045 1356 1093 sunt
1376 1037 1405 1092 in

206 1151 291 1191 manu
306 1136 401 1212 Regis,
417 1157 446 1194 sc
460 1138 494 1194 de
508 1148 600 1195 cetero
614 1140 642 1195 in
657 1139 734 1196 nulio
748 1141 922 1208 intromittat,
943 1149 972 1197 et
992 1141 1082 1196 caitus
1096 1139 1161 1195 inde
1174 1136 1265 1193 medio
1279 1145 1404 1208 ternpore

206 1245 257 1303 per
280 1231 371 1306 ipsum
395 1243 538 1308 perceptos
563 1234 627 1302 illis,
652 1236 752 1311 quibus
776 1236 898 1305 fuerunt,
923 1237 1060 1293 restituat.
1110 1233 1196 1289 Teste
1225 1231 1303 1305 Rege
1330 1227 1405 1304 apud

210 1324 361 1405 Stanhnpe,
376 1332 442 1387 axia
457 1331 501 1387 die
514 1331 609 1389 Julii.”

248 1426 353 1490 “Quia
375 1428 437 1484 Rex
458 1430 564 1503 accepit
584 1449 634 1505 per
651 1431 866 1506 inquisitionem,
890 1451 973 1507 quam
993 1450 1043 1508 per
1056 1430 1210 1508 predictum
1226 1427 1406 1484 Escaetorom

207 1517 266 1576 fieri
280 1522 356 1588 fecit,
381 1523 457 1598 quod
477 1523 617 1581 Robertus
638 1525 775 1601 Aguillun
788 1536 817 1583 et
832 1526 998 1602 Margareta
1011 1544 1083 1582 uxor
1095 1526 1156 1600 ejus
1171 1540 1259 1597 nuper
1272 1520 1405 1576 defuncta

206 1615 378 1691 conjunctim
399 1619 514 1675 fuerunt
532 1620 638 1676 feodati
659 1619 693 1676 de
713 1640 770 1677 uno
790 1623 947 1696 messuagio
967 1630 995 1678 et
1016 1618 1219 1696 quinquaginta
1239 1615 1311 1672 acris
1331 1624 1405 1669 terre

205 1732 269 1769 curn
284 1717 456 1789 pertinentiis
470 1718 498 1772 in
514 1716 724 1784 Disshenersse,
745 1717 878 1774 habendis
899 1718 1002 1775 eisdem
1019 1717 1144 1774 Roberto
1157 1723 1185 1771 et
1202 1711 1364 1786 Margarete
1377 1717 1406 1765 et

207 1808 356 1869 heredibus
376 1815 462 1889 ipsius
479 1813 604 1880 Roberti,
618 1823 647 1870 et
661 1814 736 1890 quod
751 1814 872 1871 isabella
887 1834 955 1871 uxor
970 1814 1101 1889 Hugonis
1117 1809 1238 1868 Bardoif
1248 1817 1291 1863 est
1303 1805 1362 1862 filia
1375 1813 1405 1860 et

206 1908 387 1984 propinquior
407 1908 488 1967 heres
509 1911 625 1987 predicti
647 1911 763 1968 Roberti
784 1922 812 1968 et
832 1912 913 1987 plene
933 1912 1023 1977 etatis,
1043 1908 1206 1966 mandatum
1225 1913 1268 1961 est
1281 1901 1405 1978 predicto

207 2000 351 2062 Escaetori
363 2008 438 2082 quod
448 2008 482 2065 de
492 2007 622 2084 predictis
633 2010 790 2084 messuagio
804 2018 992 2084 catenaque
1006 2007 1150 2064 occasione
1164 2002 1260 2060 mortis
1279 1997 1404 2075 ejusdem

207 2099 371 2177 Margarete
392 2113 473 2180 capta
494 2114 560 2162 sunt
583 2105 612 2162 in
633 2125 718 2162 manu
739 2106 835 2182 Regis,
855 2125 885 2163 se
908 2105 943 2162 de
966 2112 1059 2162 cetero
1081 2104 1110 2160 in
1132 2100 1209 2159 nullo
1228 2095 1405 2154 intromittat.

207 2199 292 2254 Teste
305 2208 337 2255 ut
350 2198 459 2275 snpra.”

247 2293 339 2351 These
355 2295 465 2352 letters
481 2295 565 2353 Close
579 2316 678 2353 arcon
694 2295 742 2353 the
758 2296 823 2353 Roil
838 2298 871 2354 of
886 2296 934 2354 the
948 2296 1020 2353 20th
1035 2314 1101 2374 year
1115 2292 1147 2350 of
1159 2287 1280 2349 Edward
1295 2287 1328 2353 1.‚
1349 2283 1405 2341 and

205 2407 236 2444 as
250 2390 364 2464 regards
379 2389 434 2446 this
455 2390 510 2446 last
528 2392 696 2466 acquisition
717 2392 753 2447 its
774 2392 826 2448 sito
846 2410 962 2466 appears
982 2399 1011 2447 to
1032 2389 1104 2445 have
1117 2388 1187 2443 been
1201 2386 1229 2440 in
1243 2382 1292 2439 the
1305 2396 1405 2436 manor

204 2484 238 2540 of
257 2485 405 2552 Lindfield‚
430 2484 560 2541 hundred
581 2486 615 2540 of
637 2483 849 2554 Rushmonden‚
876 2505 942 2561 rape
964 2486 997 2542 of
1022 2486 1174 2559 Pevensey,
1194 2497 1267 2536 com.
1292 2475 1405 2542 sussex,

205 2581 342 2658 anciently
358 2581 455 2638 within
470 2581 517 2638 the
537 2581 623 2638 limits
637 2582 671 2638 of
683 2582 731 2639 the
744 2582 872 2639 hundred
885 2583 918 2640 of
931 2583 1031 2649 Street,
1045 2600 1111 2657 rape
1125 2582 1158 2637 of
1169 2577 1275 2641 lewes,
1289 2572 1404 2631 accord·

205 2675 254 2750 ing
268 2684 298 2731 to
312 2675 359 2732 the
382 2674 503 2732 Nomina
519 2675 666 2746 idhitum,
688 2677 739 2734 9th
755 2677 835 2734 Edw.
849 2678 889 2735 ΙΙ.
906 2679 991 2745 1316,
1006 2676 1098 2734 where
1111 2695 1153 2731 we
1167 2671 1234 2729 read
1248 2669 1354 2727 Viliata
1368 2667 1403 2725 de

206 2772 364 2851 Lyndefeld
384 2782 428 2831 est
450 2773 660 2851 Archiepiscopi
676 2775 969 2833 Cantuarie.1sabelle
984 2772 1110 2832 Bardoli.
1151 2770 1257 2829 Prioris
1278 2765 1403 2824 Ecclesie

206 2871 312 2930 Christi
334 2872 485 2931 cantuarie
504 2880 533 2928 et
555 2872 660 2929 Prioris
683 2873 717 2929 de
737 2872 843 2930 lewes.
885 2873 1045 2949 Piumpton‚
1060 2870 1151 2928 where
1172 2869 1220 2925 the
1240 2863 1402 2941 inquisition

204 2989 259 3026 was
273 2971 365 3035 taken,
379 2971 403 3026 is
416 2990 433 3027 a
447 2969 541 3046 parish
562 2971 591 3026 in
611 2969 660 3026 the
681 2989 757 3026 same
770 2969 898 3027 hundred
911 2972 944 3028 of
957 2971 1057 3038 Strect,
1072 2969 1128 3026 and
1143 2965 1291 3038 Ditchling
1304 2963 1328 3018 is
1342 2960 1404 3017 also

204 3066 231 3121 in
245 3065 293 3122 the
307 3086 381 3123 same
395 3066 523 3123 division.

244 3163 289 3220 Os
301 3162 390 3237 Hugh
406 3161 532 3229 Bardolf‚
547 3161 640 3218 Baron
651 3161 685 3217 of
691 3161 870 3239 Wormegay,
884 3181 955 3218 com.
969 3160 1061 3228 Nori„
1073 3179 1113 3216 we
1126 3158 1198 3216 bave
1212 3156 1268 3213 this
1279 3153 1401 3227 descrip-

202 3259 260 3315 tion
274 3259 303 3314 in
317 3258 365 3315 the
382 3258 448 3314 Roll
462 3257 495 3314 of
508 3256 723 3325 caelaverat,
737 3277 840 3332 among
853 3257 932 3314 those
946 3257 979 3314 of
989 3257 1036 3314 the
1051 3257 1192 3332 squadron
1206 3254 1239 3310 of
1251 3251 1353 3328 Henry
1368 3248 1402 3305 de

204 3354 291 3432 Lacy‚
308 3354 376 3411 Earl
390 3355 423 3411 of
434 3354 564 3412 Lincoln.

559 3485 616 3532 Has
629 3486 746 3531 Bardouli
755 3485 785 3530 de
796 3493 866 3545 grant
878 3487 990 3541 muniere,

559 3567 645 3612 Richcs
656 3567 730 3621 home,
742 3582 812 3626 preua
823 3582 836 3612 e
847 3568 957 3622 contusis,

559 3647 595 3692 En
607 3661 675 3692 uere
687 3648 757 3705 quint
768 3647 852 3692 tuellea
863 3649 920 3692 trois

559 3727 649 3773 Portoit
660 3728 690 3772 do
701 3729 734 3772 fln
746 3742 773 3772 or
784 3725 897 3774 osmeri*

232 3952 247 3980 ⁹
264 3954 314 3999 Tho
325 3960 385 3997 term
397 3948 486 3996 osmeri
497 3950 600 4009 significa
610 3948 684 4008 richly
697 3949 813 4008 wrought,
824 3949 872 3994 end
890 3949 910 3994 is
926 3948 1054 3994 unnoticoi
1073 3949 1104 4007 by
1119 3947 1159 3994 Sir
1171 3948 1254 3994 {larris
1266 3947 1361 3995 Nicoias
1372 3950 1397 3994 in

199 4038 235 4082 his
246 4035 392 4084 ranchano.
404 4032 553 4096 (Roqueiort,
562 4032 687 4092 Glossairo,
698 4047 721 4092 p.
734 4030 806 4093 517);
821 4032 869 4078 end
881 4032 933 4079 that
944 4033 970 4078 oi
979 4031 1010 4078 de
1020 4039 1090 4093 grant
1102 4033 1207 4079 maniers
1218 4032 1260 4079 has
1271 4033 1331 4079 hoen
1344 4031 1400 4078 mis-
