3540 4830
463 438 718 484 vreaoornrurs
745 437 1030 483 nonnonrnnusr.
1259 420 1321 492 1⁴7

170 593 260 656 omni
273 592 392 677 populo
405 590 698 656 excommunicavit
720 611 835 655 omnes
857 589 913 674 qui
939 589 1060 668 favore,
1075 588 1236 665 mercede,
1252 589 1321 674 pie-

171 704 249 771 tate,
269 715 326 756 seu
347 692 577 769 misericordia,
598 691 693 757 alicui
711 691 751 755 de
775 688 911 755 Civibus
927 699 1083 775 parceret,
1098 711 1139 753 ne
1152 690 1322 754 transisset

170 816 229 878 per
240 795 410 878 judicium.
455 793 507 856 Ita
522 792 619 877 quod,
634 801 711 877 post
728 792 826 856 latam
839 791 1033 856 sententiam
1049 814 1141 855 suam
1157 792 1320 856 Dominus

173 897 242 961 Rex
258 897 338 961 nulli
353 897 491 980 aliquam
502 894 636 979 gratiam
645 893 750 957 voluit
764 894 919 972 conterre,
931 894 1007 958 licet
1016 895 1130 957 fuisset
1145 893 1319 977 requisitus

171 999 364 1082 permultos
380 999 466 1062 viros
485 996 653 1080 religiosos
675 1006 844 1060 manentes
866 996 948 1059 infra
963 994 1138 1060 Civitatem
1163 1007 1196 1060 et
1217 1006 1319 1059 extra.

172 1101 218 1164 Et
232 1111 310 1164 tune
334 1100 433 1164 nichil
456 1100 628 1163 allocutum
651 1097 713 1161 fuit
729 1096 875 1175 Civibus,
886 1097 974 1182 quod
992 1098 1082 1162 Prior
1096 1107 1130 1163 et
1144 1097 1318 1183 complices

172 1202 222 1265 sui
247 1204 377 1266 suerunt
400 1202 488 1286 origo
514 1211 549 1265 et
571 1221 668 1265 causa
693 1198 794 1262 totius
808 1197 895 1262 illius
910 1199 1089 1278 infortunii,
1104 1222 1164 1264 nec
1179 1199 1320 1284 dampna

172 1326 232 1368 nee
247 1314 298 1369 tot
313 1304 406 1381 mala,
422 1325 484 1389 que
497 1303 594 1367 Cives
617 1301 706 1387 passi
732 1311 812 1365 sunt
833 1322 890 1384 per
915 1301 1095 1385 predictum
1118 1302 1261 1366 Priorem
1285 1310 1320 1365 et

171 1428 260 1484 suos,
277 1418 327 1472 set
349 1405 577 1472 tantummodo
596 1405 703 1482 factal
718 1413 769 1467 est
783 1403 960 1487 inquisitio,
984 1405 1039 1490 qui
1061 1406 1192 1468 fuemnt
1215 1405 1249 1468 in
1264 1403 1364 1470 illofv·
1376 1409 1422 1457 1³1
1437 1415 1468 1457 ν’·

173 1509 337 1588 conflictu,
352 1509 406 1593 qui
422 1529 536 1572 omnes
552 1507 592 1572 dc
607 1507 669 1571 hoc
683 1506 840 1581 indictati,
849 1507 1074 1590 perjuratores
1089 1517 1192 1570 morte
1207 1507 1320 1589 damp-

174 1610 252 1689 nati,
276 1622 320 1689 et,
339 1610 543 1695 adjudicante
559 1607 736 1673 Laurentio
758 1608 799 1672 de
823 1608 943 1687 Broke,
966 1607 1020 1693 qui
1046 1618 1098 1671 est
1122 1606 1320 1691 justiciarius

171 1712 258 1797 apud
282 1713 430 1797 Neugate
453 1713 493 1776 ad
509 1710 669 1796 Gayolam
692 1710 942 1789 deliberandam,
957 1709 1013 1794 qui
1029 1719 1108 1774 tunc
1123 1708 1185 1772 suit
1199 1706 1320 1771 ibidem

172 1835 316 1898 presens,
340 1814 473 1878 fuerunt
493 1815 630 1898 juvenes
657 1814 697 1879 dc
722 1813 862 1878 Civitate
886 1832 1021 1876 numero
1042 1809 1168 1874 circiter
1191 1808 1321 1893 triginta

172 1914 392 1981 crudelissima
407 1927 511 1981 morte
526 1916 703 2001 dampnati,
720 1915 852 1992 scilicet,
867 1913 1013 1991 detracti,
1028 1910 1188 1996 suspensi,
1204 1920 1237 1974 et
1252 1933 1322 1975 cor·

172 2039 251 2103 pora
266 2027 494 2103 postmortem
509 2017 583 2103 igne
598 2028 749 2081 cremata.
796 2016 937 2082 Quidam
953 2036 1030 2079 vero
1046 2014 1194 2078 sacerdos
1210 2024 1243 2076 et
1254 2012 1320 2077 duo

172 2120 278 2186 clerici
292 2119 462 2185 manifeste
478 2130 557 2185 sunt
582 2120 722 2186 convicti
743 2120 857 2184 fecisse
873 2117 1033 2182 roberiam
1048 2117 1082 2180 in
1098 2116 1152 2179 illa
1166 2115 1321 2193 eeclesia3

173 2223 229 2307 qui
244 2223 353 2286 traditi
378 2233 455 2287 sunt
483 2223 638 2308 episcopo
664 2222 705 2286 ad
726 2220 939 2305 judicandum
954 2218 1134 2283 seeundum
1148 2227 1321 2282 consuetu·

174 2325 282 2389 dinem
298 2335 407 2389 sancte
423 2326 566 2390 ecclesie.

219 2428 347 2505 Postea,
356 2449 415 2512 per
427 2427 627 2492 verissimam
644 2427 889 2513 inquisitionem
904 2426 947 2491 xl.
964 2425 1102 2490 militum
1116 2445 1216 2510 prope
1232 2422 1322 2487 Civi-

172 2537 272 2593 tatem
288 2529 499 2609 manentium,
524 2540 728 2614 compertum
749 2528 902 2613 estquod
921 2526 976 2592 illa
997 2525 1131 2590 eeclesia
1152 2522 1323 2589 combusta

173 2630 236 2695 fuit
260 2631 433 2717 perillum
462 2632 680 2710 maledictum,
706 2642 740 2697 et
763 2653 830 2696 non
860 2652 918 2716 per
946 2630 1053 2714 ignem
1075 2627 1216 2692 Civium.
1262 2628 1321 2693 Ille

172 2757 312 2821 namque
332 2736 439 2800 oculte
459 2736 569 2800 venire
595 2737 714 2801 lecerat
727 2733 836 2800 fabros
851 2756 980 2799 sursum
995 2733 1029 2796 in
1044 2733 1158 2796 turrim
1177 2730 1322 2810 ecclesie,

172 2839 228 2922 qui
258 2839 404 2903 secemnt
432 2839 477 2902 ibi
509 2838 573 2902 tela
599 2848 633 2903 et
661 2838 727 2924 pila
755 2838 796 2902 ad
826 2836 1021 2902 trahendum
1045 2857 1120 2899 cum
1145 2833 1221 2912 illis,
1246 2856 1321 2898 cum

172 2941 298 3006 balistis
327 2941 523 3007 incivitate
549 2941 605 3026 qui
631 2963 708 3005 vero
737 2940 819 3005 fabri
842 2963 917 3005 cum
936 2939 1097 3003 vidissent
1117 2938 1321 3003 Bemtridum

171 3043 329 3120 comburi,
344 3042 431 3106 sicut
445 3042 660 3128 prescriptum
675 3054 737 3121 est,
752 3054 933 3127 posuemnt
958 3063 992 3105 se
1016 3041 1050 3104 in
1073 3041 1182 3125 fugam
1206 3050 1240 3103 et
1254 3058 1321 3102 non

171 3144 380 3206 extinxerunt
405 3143 513 3226 ignem
543 3165 661 3221 suum3
684 3166 749 3229 quo
773 3144 847 3228 igne
873 3142 1090 3206 invalescente
1113 3161 1246 3204 aceensa
1271 3151 1323 3203 est

171 3243 268 3307 turris
293 3254 327 3306 et
350 3242 484 3306 ecclesia
503 3242 685 3307 combusta.
730 3234 947 3328 Compertuui
970 3252 1021 3306 est
1043 3241 1141 3306 etiam
1163 3241 1253 3325 quod
1267 3240 1321 3304 ille

171 3343 388 3428 nequissimus
420 3344 512 3408 Prior
544 3356 758 3429 proposuerat
787 3356 890 3408 totam
921 3344 1096 3407 Civitatem
1120 3340 1320 3420 comburere,

171 3445 258 3509 unde
274 3445 343 3528 ipse
358 3466 416 3527 per
426 3444 584 3529 quosdam
594 3446 769 3531 complices
780 3467 856 3508 suos
866 3443 943 3508 iecit
957 3443 1063 3527 ignem
1071 3443 1150 3526 poni
1164 3443 1199 3505 in
1214 3442 1319 3507 tribus

170 3547 249 3611 locis
266 3545 425 3608 Civitatis.
471 3545 612 3610 Quidam
628 3568 704 3610 vero
720 3545 761 3609 de
777 3543 912 3609 Civibus
927 3542 1074 3607 volentes
1089 3543 1210 3607 malum
1222 3565 1318 3608 suum

170 3648 332 3712 vindimre
348 3646 427 3710 illud
442 3647 582 3731 pessime
603 3656 902 3731 augmentaverunt.
946 3645 1032 3708 Nam
1049 3645 1112 3729 ipsi
1132 3645 1188 3708 illo
1203 3646 1318 3711 eodem

169 3754 243 3837 igne
258 3750 493 3814 succenderunt
508 3761 634 3835 portam
650 3751 690 3815 de
706 3749 852 3835 predicto
865 3748 1022 3826 Prioratu,
1037 3748 1077 3812 de
1092 3770 1156 3833 qua
1169 3749 1318 3832 superius

170 3855 293 3920 mentio
308 3855 392 3917 facta
409 3863 470 3917 est.
515 3853 592 3916 Fuit
611 3854 708 3917 etiam
731 3851 784 3917 ille
808 3872 947 3936 nequam
972 3850 1063 3914 Prior
1088 3851 1255 3915 convictus
1278 3852 1319 3919 ds

168 3956 354 4034 homicidio,
369 3956 409 4020 de
424 3953 559 4035 roheria,
574 3965 608 4019 et
627 3954 668 4019 de
687 3954 758 4019 aliis
772 3951 1061 4020 innumerabilibus
1076 3953 1319 4020 crudelitatibus
