3540 4830
487 497 739 544 vicacourrors
766 498 1051 545 nosnouinnou.
1304 486 1344 546 19

195 644 245 708 sui
270 667 369 726 nono,
392 647 427 711 in
451 648 558 734 aliquo
583 650 718 715 articulo
746 649 997 736 infringerentur
1015 649 1069 716 rel
1092 648 1345 716 inservierentur

194 757 271 831 post
300 748 390 813 illum
420 750 517 815 diem.
563 752 681 817 Postea
708 753 743 816 in
774 752 925 818 Crastino
955 751 1167 818 Ascensionis
1196 750 1344 832 Domini,

194 848 325 929 scilicet,
341 868 430 916 111⁰.
452 853 504 918 die
520 853 612 932 Maii,
626 876 685 939 per
705 865 895 940 preceptum
910 854 1047 919 Domini
1069 855 1178 940 Regis,
1193 854 1345 920 universa

195 950 422 1018 Communitas
437 955 681 1020 Londoniarum
701 966 893 1042 congregata
917 957 980 1021 fuit
1001 957 1036 1020 in
1060 956 1217 1022 cimiterio
1232 955 1344 1020 West-

195 1057 393 1136 monasterii,
404 1056 461 1121 ubi
471 1058 635 1122 Dominus
645 1059 716 1123 Rex
731 1059 818 1144 oepit
832 1060 1006 1140 licentiam,
1018 1059 1129 1126 dicens
1141 1058 1229 1145 quod
1238 1068 1344 1123 uana

192 1156 323 1222 fretaret
336 1157 370 1221 in
387 1159 616 1239 Wasconiam3
638 1170 672 1225 et
686 1159 830 1246 precepit
849 1171 888 1226 ut
911 1182 1025 1226 omnes
1046 1161 1087 1225 dc
1102 1160 1244 1226 Ciuitate
1265 1181 1344 1225 oon-
1437 1229 1444 1249 ,

191 1259 368 1339 venissent,
398 1260 451 1326 dic
480 1262 654 1326 Dominica
683 1262 843 1348 sequenti,
872 1261 915 1326 ad
951 1284 1079 1328 crucem
1109 1262 1220 1328 Sancti
1251 1262 1343 1326 Pauli

191 1383 299 1427 coram
314 1363 389 1443 illis,
404 1386 486 1449 quos
502 1366 620 1430 ibidem
641 1376 728 1431 esset
748 1365 919 1445 missurus,
941 1376 975 1431 et
996 1365 1041 1430 ibi
1053 1367 1220 1452 jurassent
1240 1364 1343 1430 tideli-

190 1472 290 1530 tatem
307 1466 451 1532 Domino
467 1468 639 1547 Eduardo,
653 1468 719 1532 tilio
735 1489 807 1547 suo,
831 1478 864 1533 ct
890 1469 1013 1554 Regine
1036 1490 1105 1547 sue,
1120 1469 1173 1532 cui
1192 1469 1342 1553 Regnum

189 1588 285 1631 suum
301 1579 368 1633 erat
383 1570 568 1634 traditurus.
614 1571 741 1649 Postea,
762 1571 930 1656 negotium
953 1571 1034 1636 illud
1055 1571 1200 1657 positum
1223 1572 1286 1636 tuit
1306 1573 1341 1635 in

191 1682 340 1756 respectu
362 1694 466 1758 usque
482 1673 514 1736 in
530 1673 582 1737 die
598 1674 716 1737 Martis
740 1673 773 1737 in
791 1674 1030 1754 Pentecosten3
1052 1695 1118 1760 quo
1140 1674 1192 1739 die
1212 1674 1341 1739 unirer·

189 1774 264 1838 salis
281 1774 464 1839 Communa
480 1775 631 1840 Civitatis
646 1776 722 1841 lecit
736 1776 924 1841 fidelitatem
936 1776 1081 1842 Domino
1092 1776 1251 1840 Eduardo
1262 1776 1340 1841 etin

188 1877 433 1961 presentiam,
456 1878 497 1941 ad
519 1878 695 1963 predictam
720 1900 858 1957 crucem,
883 1879 972 1943 salva
992 1877 1057 1944 fide
1079 1877 1215 1942 Domini
1231 1877 1339 1962 Regis.

188 1979 314 2044 Eodem
341 1989 487 2065 tempore
512 1981 599 2066 cepit
623 1982 693 2045 Rex
717 2003 736 2044 a
761 1981 878 2046 Judeis
902 1980 1062 2046 universis
1085 1990 1190 2045 totam
1213 1989 1339 2066 partem

186 2082 332 2146 omnium
348 2082 518 2146 mobilium
533 2104 678 2160 suorum,
698 2082 859 2147 credendo
874 2082 921 2148 cis
945 2104 1004 2169 per
1029 2082 1162 2148 starrios
1183 2103 1283 2161 suos;
1306 2092 1340 2147 et

186 2185 353 2249 mandavit
366 2206 425 2270 per
439 2184 536 2250 breve
563 2207 659 2249 suum
686 2185 878 2250 Justitiariis
904 2187 945 2250 ad
959 2186 1140 2252 custodiam
1155 2186 1178 2251 J
1180 2186 1338 2250 udeorum

186 2288 369 2373 assignatis,
393 2297 432 2353 ut
455 2287 556 2373 siquis
581 2288 709 2352 Judeus
732 2310 800 2352 non
826 2288 1035 2354 satisfecisset
1061 2289 1102 2354 dc
1125 2288 1253 2372 tallagio
1278 2309 1338 2351 suo

185 2389 269 2453 infra
283 2390 443 2454 decimum
460 2390 546 2454 diem
561 2400 639 2474 post
652 2390 760 2454 visum
782 2390 861 2455 dicti
875 2390 992 2470 brevis,
1009 2390 1097 2476 quod
1120 2390 1191 2475 ipse
1213 2389 1338 2474 utlaga-

186 2501 285 2571 retur,
300 2502 334 2556 et
348 2503 462 2576 portus
478 2492 507 2557 ei
523 2492 741 2576 assignaretur
754 2502 788 2557 et
802 2495 892 2557 omni
907 2492 1018 2558 domui
1043 2513 1100 2557 sue
1124 2491 1212 2576 apud
1226 2492 1338 2556 Dovrs

185 2596 226 2659 ad
240 2595 513 2660 transfretandum
529 2617 603 2659 cum
628 2595 779 2680 proximo
802 2606 914 2674 vento,
939 2617 1106 2681 nunquam
1130 2594 1337 2673 redditurus3

184 2699 271 2785 quod
286 2708 401 2785 postea
415 2720 481 2763 non
498 2699 598 2763 stetit.
643 2698 771 2763 Eodem
794 2709 941 2784 tempore
962 2698 1167 2764 confirmarit
1189 2699 1260 2763 Rex
1279 2720 1338 2783 per

183 2823 300 2867 noram
312 2809 432 2865 cartam
443 2822 535 2864 suam
548 2798 673 2864 civibus
686 2800 931 2865 Londoniarum
943 2821 1057 2866 omnes
1072 2799 1238 2865 libertates
1250 2821 1337 2881 suas,

181 2905 269 2990 leges
284 2913 318 2968 et
332 2902 595 2981 consuetudines,
610 2913 644 2967 et
658 2925 738 2988 quas
753 2903 851 2969 etiam
866 2902 1051 2968 habuerunt
1068 2914 1215 2988 tempore
1238 2903 1336 2986 Regis

185 3008 320 3073 Henrici
342 3007 449 3092 primi,
473 3006 607 3071 usitatas
634 3016 668 3071 et
685 3028 751 3070 non
774 3007 923 3085 usitatas,
946 3016 980 3071 et
999 3006 1160 3072 concessit
1181 3004 1269 3090 quod
1291 3005 1336 3068 vii

181 3110 262 3175 libre
272 3111 498 3194 sterlingorum
509 3130 568 3193 per
576 3131 697 3173 annum
710 3109 924 3174 allocarentur
934 3108 1189 3174 vicecomitibus
1197 3108 1232 3171 in
1241 3107 1335 3171 firma

182 3236 293 3279 eorum
309 3235 369 3298 pro
393 3211 542 3277 libertate
565 3213 699 3277 ecclesie
725 3213 836 3277 Sancti
863 3210 965 3288 Pauli,
983 3221 1017 3275 ct
1031 3211 1118 3296 quod
1143 3210 1261 3288 Maior,
1276 3208 1332 3295 qui

181 3316 306 3383 solebat
334 3315 560 3379 tantummodo
590 3314 768 3399 presentari
798 3313 890 3399 Regi,
919 3312 1116 3398 ubicumque
1147 3311 1262 3375 lusisset
1296 3310 1331 3373 in

180 3420 308 3504 Anglia,
333 3417 373 3481 de
397 3426 504 3482 cetero
530 3425 770 3500 presentaretur
797 3411 980 3478 Batonibus
1005 3413 1046 3477 de
1062 3411 1228 3478 Soaccario
1244 3411 1332 3497 apud

178 3519 520 3594 westmonasterium,
532 3517 560 3580 si
572 3517 643 3581 Rex
658 3538 725 3580 non
740 3515 837 3579 fuerit
851 3514 1092 3593 Londoniis,eo
1103 3523 1250 3599 tempore
1265 3535 1330 3599 quo

180 3625 289 3690 Maior
311 3622 433 3686 electus
450 3619 557 3683 fuerit.
601 3618 648 3683 Et
668 3617 836 3681 sciendum
851 3615 940 3700 quod
955 3615 1053 3680 Cives
1076 3625 1156 3681 mne
1170 3614 1330 3679 dederunt

180 3726 324 3793 Domino
341 3723 421 3809 Regi
437 3723 480 3787 D.
497 3742 619 3786 marcas
634 3741 694 3805 pro
708 3719 763 3782 illa
777 3728 865 3782 cana
879 3713 1038 3781 habenda.

224 3830 351 3905 Postea,
366 3825 418 3890 die
435 3823 589 3888 Mercurii
603 3832 678 3887 ante
694 3823 815 3886 festum
834 3818 946 3885 Sancti
966 3814 1145 3894 Laurentii,
1167 3814 1280 3901 posuit
1294 3836 1328 3880 se
1343 3835 1522 3913 Quam-

179 3932 342 3999 Dominus
358 3927 478 3993 Rexin
493 3925 584 4006 mari,
599 3918 1155 3991 transfretanduminWasooniam.
1349 3909 1412 3949 '‘⁰¹'‘
1422 3918 1490 3964 Ψ·
