3540 4830
471 499 726 549 vrorcouiruu
752 499 1038 547 aosaouraauu.
1269 486 1331 559 17³

182 653 444 734 coronationem3
467 654 513 719 ita
533 655 621 740 quod
636 675 762 732 omnes,
776 662 844 718 tam
859 673 1019 739 pauperes
1033 673 1131 737 quam
1146 652 1275 734 diuites,
1289 654 1330 718 sd

182 757 445 842 solempnitatem
472 756 691 822 coronationis
704 778 762 821 sue
783 755 1005 835 advenientes,
1014 757 1113 840 gratis
1124 756 1331 841 recipiantur,

180 869 215 924 et
226 860 334 923 nullus
349 859 539 944 expellatur.

224 962 428 1026 Edificantur
448 962 546 1027 etiam
567 961 651 1026 inira
677 961 797 1026 dictam
828 960 1023 1026 clausturam
1045 970 1097 1025 tot
1122 959 1270 1046 coquina,
1295 959 1330 1025 in

180 1063 298 1148 quibus
313 1065 464 1129 victualia
478 1065 599 1131 debent
614 1065 776 1150 preparari
787 1065 1029 1130 contradictum
1045 1064 1308 1149 solempnitatem
1320 1088 1331 1144 ;

180 1167 353 1251 dequibus
369 1190 435 1232 non
451 1179 502 1233 est
523 1189 690 1232 numerus.
735 1168 781 1231 Et
795 1189 836 1231 ne
851 1167 905 1232 illc
920 1168 1057 1253 coquina
1073 1168 1279 1245 sufficissent,
1293 1177 1333 1233 ut

180 1268 234 1333 illa
248 1270 398 1334 victualia
408 1272 443 1335 in
454 1273 501 1335 eis
516 1294 583 1336 non
605 1271 732 1356 possint
755 1271 928 1355 preparari,
950 1270 1058 1355 posita
1082 1280 1161 1336 sunt
1185 1270 1231 1335 ibi
1254 1292 1332 1334 vasa

180 1371 333 1456 plumbea
347 1385 437 1437 extra
452 1373 606 1458 coquinas
621 1371 888 1451 innumerabilia3
917 1372 951 1435 in
967 1371 1085 1456 quibus
1100 1396 1211 1438 carnes
1235 1373 1331 1458 coqui

181 1472 347 1539 deberent.
392 1476 436 1539 Et
452 1475 709 1552 memorandum,
725 1474 813 1557 quod
827 1472 882 1536 illa
904 1495 1021 1558 magna
1044 1476 1195 1560 coquina,
1218 1476 1331 1560 inqua

181 1576 324 1640 volatilia
338 1588 372 1641 et
386 1577 447 1641 alia
461 1577 583 1642 debent
597 1577 697 1640 assari
716 1576 802 1661 igne,
817 1585 867 1640 est
889 1585 959 1639 tota
973 1575 1156 1661 discoperta
1182 1577 1214 1640 in
1231 1577 1331 1640 sumi·

181 1688 247 1742 tate
263 1701 332 1757 sua,
347 1690 385 1742 ut
400 1679 608 1744 omnimodus
623 1680 732 1741 fumus
748 1677 853 1762 possit
867 1677 964 1740 exire.

224 1779 275 1843 De
301 1780 371 1843 aliis
395 1778 600 1858 utensilibus,
630 1777 749 1863 quibus
779 1799 911 1842 neccsse
934 1787 986 1842 est
1010 1777 1052 1841 ad
1082 1789 1150 1842 tam
1180 1800 1330 1863 magnam

183 1883 305 1945 curiam
332 1883 556 1947 sustinendam
584 1904 651 1946 non
684 1890 795 1966 potest
820 1879 935 1965 aliquis
961 1880 996 1944 in
1020 1880 1149 1964 scriptis
1177 1880 1330 1964 redigere.

181 1985 233 2049 De
256 1985 341 2049 vinis
356 1986 460 2050 nescit
483 1986 599 2071 aliquis
624 1984 729 2064 dolea,
753 2006 816 2070 qua
840 1984 881 2048 ad
906 1984 969 2049 hoc
984 1995 1153 2068 preparata
1167 1991 1256 2061 sunt,
1271 2005 1331 2046 nu·

183 2108 315 2152 mamre.

223 2189 269 2252 Et
285 2199 322 2253 ut
345 2189 454 2255 omnia
468 2190 670 2267 concludam,
694 2211 892 2274 nunoquam,
906 2188 977 2252 aliis
1002 2187 1205 2273 temporibus
1229 2198 1331 2252 retro-

179 2292 272 2370 actis,
281 2303 348 2355 tam
361 2315 477 2377 magna
487 2291 656 2377 plenitudo
668 2292 709 2355 dc
724 2291 848 2355 deliciis
859 2301 893 2356 et
904 2290 1056 2355 omnibus
1068 2289 1174 2367 bonis,
1184 2312 1247 2374 quc
1257 2312 1330 2376 par·

179 2394 287 2457 tinent
301 2394 342 2456 ad
357 2393 592 2458 nobilissimam
608 2393 729 2457 curiam
741 2392 976 2470 celebrandam,
991 2392 1053 2455 luit
1067 2402 1246 2477 preparata.

221 2501 234 2572 l
248 2494 343 2572 ltem,
356 2517 470 2580 magna
484 2494 558 2558 aula
573 2504 606 2558 et
621 2516 720 2579 parva
735 2493 882 2558 dealbate
897 2503 974 2557 sunt
987 2493 1028 2558 dc
1039 2515 1125 2559 novo
1140 2504 1173 2559 et
1184 2493 1311 2578 depicta
1320 2518 1330 2573 ;
1336 2518 1375 2580 so,
1387 2517 1433 2566 ιη
1445 2527 1478 2568 ρ,

178 2596 224 2659 ita
245 2596 333 2681 quod
356 2597 440 2660 oculi
466 2598 548 2661 infra
568 2598 639 2661 illas
662 2597 854 2662 intrantium
876 2607 910 2660 et
935 2606 1060 2660 tantam
1080 2595 1331 2681 pulcritudinem

177 2697 388 2777 intuentium,
410 2701 539 2785 plenius
555 2699 678 2765 deliciis
694 2711 728 2766 et
737 2699 856 2784 gaudio
866 2699 1061 2784 repleantur.
1107 2698 1153 2762 Et
1168 2699 1195 2762 si
1210 2699 1332 2784 aliquid

178 2800 261 2865 inira
290 2802 487 2867 clausturam
512 2803 634 2888 pallatii
664 2803 800 2867 Domini
827 2801 925 2887 Regis
959 2822 1018 2887 per
1054 2811 1251 2866 vetustatem
1280 2802 1333 2866 vel

177 2903 285 2988 aliquo
308 2904 370 2969 alio
400 2905 499 2969 modo
523 2904 621 2970 luerit
644 2905 782 2970 fractum
805 2904 858 2969 vel
883 2902 1126 2981 deterioratum,
1149 2902 1183 2966 in
1208 2901 1332 2966 bonum

178 3015 300 3069 statum
315 3018 498 3091 reparatum
514 3018 575 3071 cst.

220 3110 341 3187 (Anno
354 3110 489 3173 Domim
501 3109 690 3187 Millesimo,
702 3108 782 3173 00⁰.
795 3109 872 3193 xvj⁰.
889 3107 929 3172 ln
940 3109 1026 3173 festo
1035 3106 1178 3172 Simonis
1189 3116 1223 3171 ct
1233 3105 1255 3170 J
1257 3105 1331 3184 udc,
1336 3127 1377 3187 so.
1387 3126 1434 3175 rso
1442 3134 1474 3174 ν.

177 3210 240 3273 fuit
254 3233 359 3273 annus
375 3211 464 3295 regni
479 3212 563 3295 regis
580 3210 715 3276 Henrici
729 3212 866 3295 primus.

267 3313 384 3375 Annus
401 3304 498 3396 xvij9.
513 3311 576 3374 luit
589 3333 695 3374 annus
711 3309 884 3374 sccundus·

267 3415 381 3476 Annus
398 3404 507 3496 xviij⁹.
522 3412 585 3475 fuit
599 3433 704 3475 annus
719 3411 846 3475 tertius.

266 3519 383 3577 Annus
398 3505 482 3577 xix⁹.
498 3512 560 3576 fuit
574 3534 680 3576 annus
694 3522 839 3597 quartus.

220 3617 337 3679 Annus
355 3607 514 3680 M⁹.cc⁹.
534 3614 708 3679 vicesimus
739 3613 802 3676 fuit
830 3634 935 3676 annus
958 3613 1048 3698 regni
1082 3611 1167 3698 regis
1194 3611 1329 3678 chfici

178 3719 321 3804 quintus.

262 3822 378 3884 Annus
393 3818 566 3884 vicesimus
581 3816 706 3903 primm
721 3817 901 3881 sultanum
918 3827 1041 3881 sextus.

264 3924 379 3986 Annus
394 3920 568 3985 vicesimus
584 3919 746 3984 sccundus
761 3919 823 3982 luit
836 3939 942 3981 annus
958 3917 1130 4004 septimus.

264 4028 381 4090 Annus
398 4016 470 4090 1¹⁹.
481 4023 597 4088 tertius
613 4021 674 4087 suit
689 4044 794 4087 annus
809 4032 956 4087 octavus.
