3540 4830
451 457 706 502 vicacounrvu
735 457 1018 502 uovnonmnurr.
1241 443 1301 501 105

156 608 344 674 irrotuletur
369 631 427 694 per
454 610 706 694 recognitionem
729 610 876 695 alicujus,
890 610 945 694 qui
971 630 1038 673 non
1063 608 1107 673 sit
1131 607 1177 672 ibi
1192 619 1303 686 notus,

158 711 210 774 vel
225 713 286 775 nisi
302 723 432 776 constet
447 713 486 776 de
503 736 561 775 sua
587 735 726 797 persona
752 735 810 798 per
835 711 1059 776 testimonium
1085 733 1142 775 sex
1158 710 1210 775 vel
1225 733 1303 793 qua·

157 824 232 876 tuor
246 815 396 897 legalium
418 816 599 892 hominum,
615 816 670 899 qui
687 815 951 879 sintsufficientes
975 814 1017 876 ad
1038 815 1302 898 respondendum

157 925 224 978 tam
252 916 291 980 dc
317 917 427 981 debito
453 941 550 1001 quam
580 919 619 980 de
646 919 798 1002 dampno,
813 919 901 1001 quod
927 916 1099 979 habuerint
1123 916 1221 1000 aliqui
1246 938 1303 1000 per

158 1016 256 1101 hujus
279 1021 543 1103 recognitionem,
560 1021 586 1082 si
613 1042 683 1083 eam
708 1019 789 1081 falso
813 1019 881 1081 fieri
907 1019 1073 1101 contingat
1094 1017 1155 1082 sub
1171 1019 1302 1081 nomine

157 1118 314 1204 ipsorum.
359 1122 403 1184 Et
426 1145 485 1206 pro
511 1122 592 1184 libra
617 1121 761 1205 qualibet
781 1122 917 1185 indicto
940 1121 1079 1185 scacario
1094 1121 1303 1197 irrotulanda,

157 1221 307 1286 denarius
330 1246 415 1286 unus
439 1225 583 1287 solvatur
609 1225 648 1286 ad
673 1245 756 1307 opus
783 1233 930 1285 nostrum
955 1246 1013 1309 pro
1028 1245 1125 1290 onere
1141 1234 1305 1289 sustenta·

159 1325 258 1388 tionis
273 1347 488 1409 eorum,quos
504 1328 601 1410 hujus
617 1324 831 1389 irrotulationi
848 1325 1012 1388 intendere
1023 1326 1197 1411 oportebit.
1233 1327 1303 1389 llas

159 1439 268 1491 autern
293 1427 458 1492 libertates
479 1440 512 1492 et
537 1429 653 1492 liberas
669 1428 920 1491 consuetudines
935 1428 981 1490 eis
997 1429 1227 1505 concessimus,
1248 1428 1304 1490 ha·

158 1527 281 1592 bendas
309 1529 370 1592 sibi
385 1541 418 1592 et
438 1530 610 1594 heredibus
636 1552 759 1607 eorum,
774 1529 930 1612 quamdiu
944 1550 1017 1613 erga
1039 1552 1100 1594 nos
1123 1541 1156 1594 et
1171 1531 1304 1593 heredes

159 1644 289 1694 nostros
316 1631 398 1694 bene
422 1643 455 1695 et
480 1634 617 1696 fideliter
643 1656 677 1696 se
701 1633 883 1710 habuerint,
899 1653 1052 1693 unacum
1068 1632 1138 1694 aliis
1158 1632 1256 1717 justis
1271 1644 1306 1695 et

159 1733 403 1817 rationabilibus
429 1735 720 1798 consuctudinibus
736 1735 815 1811 suis,
830 1756 909 1816 quas
925 1733 1126 1817 temporibus
1139 1733 1306 1817 predeces-

160 1856 269 1897 sorum
280 1846 464 1899 nostrorum
476 1848 509 1901 et
525 1849 638 1900 nostro
651 1839 807 1901 hactenus
820 1838 1011 1913 habuerunt,
1027 1845 1093 1899 tam
1105 1837 1145 1900 de
1160 1836 1264 1899 forma
1275 1848 1308 1899 et

160 1938 258 1999 modo
274 1938 447 2021 placitandi
464 1941 504 2003 de
520 1941 655 2019 tenuris,
671 1941 789 2004 debitis
804 1951 838 2003 et
852 1939 1045 2003 vadimoniis
1061 1938 1139 2016 suis,
1154 1959 1251 2023 quam
1267 1938 1307 2001 de

158 2039 229 2101 nliis
243 2041 489 2125 quibuscunque
510 2042 638 2107 ensibus
654 2054 688 2107 et
702 2045 791 2127 ipsos
807 2054 841 2106 et
856 2043 1029 2107 Civitatem
1047 2042 1151 2125 ipsam
1173 2051 1308 2123 tangen-

159 2139 266 2218 tibus3
285 2142 374 2219 dum,
387 2154 507 2221 tamen,
529 2145 780 2208 consuetudines
803 2144 855 2207 ille
867 2144 994 2226 justitie
1010 2153 1044 2206 et
1063 2143 1158 2205 rectis
1183 2142 1308 2224 legibus

158 2247 315 2309 contrarie
337 2269 401 2310 non
424 2249 581 2320 existant;
598 2248 694 2311 salvis
719 2248 752 2309 in
775 2246 929 2310 omnibus
949 2244 1151 2308 libertatibus
1174 2243 1307 2308 ecclesie

159 2346 441 2412 Westmonnsterii
470 2348 588 2411 Abbati
611 2358 645 2411 et
664 2346 838 2410 Monachis
863 2345 1009 2430 ejusdem
1036 2344 1098 2407 loci
1123 2365 1181 2428 per
1203 2354 1307 2407 cartas

158 2458 350 2528 nostraslet
372 2452 636 2536 predecessorum
657 2461 854 2525 nostrorum,
879 2459 1064 2511 nostrorum
1087 2446 1212 2530 Regum
1239 2449 1303 2509 An·
1312 2466 1489 2526 pandum,

157 2551 231 2635 glie,
241 2554 414 2616 concessis.
460 2555 511 2617 De
522 2553 637 2618 Judeis
653 2563 760 2615 autem
777 2552 897 2615 nostris
912 2563 946 2615 et
960 2548 1191 2614 mercatoribus
1203 2562 1307 2613 extra·

157 2654 238 2731 neis,
253 2666 349 2738 atque
365 2678 383 2717 a
398 2653 994 2739 supradictisconcessionibusnostris
1010 2673 1069 2714 nos
1084 2662 1117 2714 et
1133 2651 1306 2715 Civitatem

158 2767 302 2819 nostram
319 2758 495 2841 predictam
519 2757 736 2839 tangentibus,
756 2753 1009 2838 providebimus,
1034 2777 1093 2817 nos
1119 2765 1153 2818 et
1172 2754 1306 2820 heredes

157 2858 270 2934 nostri,
287 2869 383 2941 prout
398 2857 512 2920 melius
534 2856 628 2919 nobis
653 2853 834 2919 videbimus
857 2853 1018 2938 expedire.
1065 2853 1140 2916 Hiis
1155 2854 1306 2932 testibus,

160 2959 298 3022 Ricardo
328 2960 416 3044 Rege
432 2958 623 3022 Alemannie
648 2959 744 3021 fratre
760 2967 884 3032 nostro,
914 2956 1075 3019 Edwardo
1091 2957 1306 3042 primogenito

160 3073 285 3138 nostro,
303 3061 480 3126 Edmundo
496 3061 561 3124 filio
577 3071 702 3137 nostro,
718 3061 846 3144 Rogero
861 3059 901 3122 de
918 3058 1053 3122 Mortuo
1069 3057 1166 3134 Mari,
1179 3057 1305 3140 Rogero

156 3161 197 3224 de
223 3162 405 3240 Cliffordia,
430 3164 557 3246 Rogerc
584 3164 624 3226 de
649 3162 832 3246 Leyburne,
861 3158 1004 3222 Roberto
1026 3156 1211 3233 Walerand,
1237 3158 1304 3220 Ro-

155 3262 249 3326 berto
271 3263 413 3346 Agnlun,
436 3265 590 3346 magistro
616 3262 795 3326 Godelrido
812 3260 949 3336 Giffnrd,
970 3258 1159 3322 cancellario
1179 3270 1302 3336 nostro,

153 3364 300 3427 Waltero
322 3365 361 3426 de
390 3364 535 3443 Merton,
558 3365 713 3446 magistro
735 3362 887 3427 Johanne
908 3361 948 3422 de
964 3358 1122 3423 Cheshull
1147 3359 1302 3422 archidia-

152 3489 235 3530 cono
252 3465 506 3542 Londoniarum,
521 3466 674 3530 Johanne
694 3462 735 3524 de
750 3462 781 3524 la
797 3461 922 3545 Lynde,
939 3461 1115 3526 Willielmo
1131 3461 1171 3524 de
1192 3463 1301 3539 Aette,

151 3581 185 3634 et
200 3569 279 3631 aliis.
321 3569 445 3631 Datum
462 3589 519 3652 per
534 3587 666 3629 manum
683 3576 828 3627 nostram
853 3564 940 3647 apud
958 3562 1301 3643 westmonasterium,

151 3673 305 3738 vicesimo
331 3680 423 3734 sexto
448 3669 500 3734 die
527 3668 649 3744 Martii,
671 3686 758 3729 anno
784 3664 873 3748 regni
903 3664 1005 3727 nostri
1034 3664 1299 3751 quinquagesimo

150 3774 305 3839 secundo.

193 3879 291 3939 Anno
315 3875 430 3938 eodem
451 3872 593 3956 Legatus
616 3869 782 3935 recessita
804 3868 984 3937 Londoniis
1011 3889 1124 3934 versus
1148 3891 1236 3935 mare
1251 3872 1296 3958 iiij
1310 3895 1440 3946 Dema·
1452 3899 1494 3946 ra·

149 3979 262 4046 Nonas
277 3975 299 4040 J
303 3976 367 4040 ulii.
1308 3959 1366 4018 Μ

191 4102 305 4146 ΟΛΙῙ).
322 4100 395 4144 800.
1106 4104 1125 4144 P
