3540 4830
543 472 585 527 86
900 484 1062 528 cnosrea
1088 484 1265 529 rrriroarnr
1292 484 1337 529 ιτ

544 637 582 700 ln
598 638 690 721 cujus
705 637 751 701 rei
776 636 999 700 testimonium
1026 635 1085 698 has
1111 635 1234 699 litteras
1258 646 1386 701 nostras
1400 636 1469 703 tieri
1484 634 1623 703 ieeirnna
1637 656 1700 723 pn·

541 750 657 803 tentes.
700 738 799 803 Teste
821 762 874 803 me
896 740 968 823 ipso
984 736 1070 822 apud
1088 737 1386 823 Norbamptonnm,
1400 760 1467 803 xxx
1493 737 1546 803 die
1561 738 1702 825 Aprilis,

540 863 626 903 anno
643 841 730 923 regni
747 840 850 903 nostri
866 839 903 903 1⁰.

587 943 624 1005 in
641 943 781 1005 crastino
796 963 883 1017 roro,
899 942 1022 1005 scilieet
1036 941 1089 1005 die
1104 941 1315 1006 Ascensionia
1338 942 1486 1021 Domini,
1509 953 1590 1006 tunc
1613 955 1701 1009 tern-

540 1045 628 1130 poris
642 1046 762 1108 festum
778 1046 889 1109 Sancti
900 1046 920 1109 J
924 1046 1061 1109 pirannis
1071 1056 1147 1109 ante
1158 1056 1285 1130 portam
1299 1046 1460 1124 Latinam,
1470 1056 1699 1111 convenerant

540 1148 638 1211 Cives
653 1148 739 1232 apud
757 1147 910 1226 Gitdlnlt,
926 1159 959 1213 et
974 1170 1032 1233 per
1046 1170 1102 1211 eoa
1117 1147 1241 1212 eiectus
1258 1160 1309 1212 est
1325 1148 1519 1214 willielmus
1533 1147 1621 1213 titius
1638 1148 1699 1213 Ri-

539 1253 637 1329 cardi,
651 1263 685 1315 et
696 1253 834 1335 juratus,
853 1263 889 1315 ut
903 1252 1049 1316 intendat
1064 1252 1105 1316 ad
1122 1252 1264 1316 officium
1275 1250 1528 1316 vicecomitatus
1550 1248 1699 1317 ttiddet-

540 1356 626 1419 serie
641 1355 725 1419 etad
742 1355 935 1419 Custodiam
947 1354 975 1418 C
977 1356 1097 1419 ivitatis
1110 1355 1353 1420 Londoniarum
1365 1356 1398 1419 in
1421 1354 1525 1419 forma
1537 1366 1699 1420 contenta

540 1457 573 1521 in
589 1459 741 1543 predictis
756 1458 893 1535 litteris3
915 1469 948 1521 et
964 1458 997 1522 in
1012 1458 1154 1522 crastino
1171 1456 1353 1523 Beronibus
1368 1457 1409 1523 de
1432 1456 1600 1523 Summo
1619 1478 1698 1543 pro·

540 1572 687 1624 tentatus
702 1561 788 1645 apud
805 1561 961 1625 Sanctum
979 1560 1127 1637 Paulum,
1142 1570 1176 1625 et
1192 1559 1236 1623 ibi
1250 1560 1415 1624 admissus
1429 1571 1463 1624 et
1476 1562 1614 1645 juntas

585 1662 836 1727 Memorandum
849 1662 936 1747 quod
948 1661 1041 1726 multi
1057 1661 1097 1724 de
1113 1661 1241 1725 minuto
1254 1660 1388 1747 populo,
1403 1661 1455 1725 die
1468 1684 1535 1747 quo
1549 1660 1698 1747 predicta

539 1766 654 1829 electio
671 1768 754 1830 iacta
773 1768 860 1843 fuit(
871 1765 1137 1829 contradixerunt
1151 1764 1250 1842 iiiam,
1264 1764 1453 1839 clamantes,
1467 1768 1489 1801 ‘⁸
1498 1786 1573 1849 ny,
1594 1764 1696 1847 noy?

539 1880 572 1932 et
595 1869 751 1945 dicentes,
775 1869 972 1933 “Nolumus
998 1867 1116 1932 habere
1140 1866 1299 1931 Maiorem
1322 1866 1386 1931 nisi
1404 1866 1565 1933 Thomarn
1587 1866 1695 1933 finan

538 1972 675 2047 Thome,
691 1986 724 2035 et
739 1972 891 2035 rolumur
908 1983 943 2034 ut
959 1970 1113 2035 liberetur
1127 1992 1146 2033 a
1160 1970 1303 2055 prisona,
1317 1980 1351 2033 et
1366 1969 1446 2034 socii
1460 1968 1523 2047 rui,
1543 1970 1599 2055 qui
1613 1980 1696 2035 runt

539 2076 624 2159 apud
666 2073 947 2138 ii'indleshores.”
989 2072 1067 2136 Tale
1096 2085 1191 2157 turpe
1220 2072 1386 2157 eloquium
1422 2071 1575 2137 dixenrnt
1609 2071 1695 2139 intui

539 2178 580 2240 de
596 2176 704 2261 wigo,
719 2177 771 2239 die
786 2178 877 2242 Lune
894 2176 1079 2262 precedenti
1095 2176 1127 2239 in
1144 2175 1257 2239 eadem
1274 2175 1463 2241 Giidhailia.
1507 2174 1607 2241 Unde
1622 2176 1697 2241 Do·

540 2279 647 2343 minus
680 2280 760 2357 Rex,
789 2279 919 2363 quando
949 2277 1029 2343 tales
1059 2298 1204 2341 rumores
1228 2278 1363 2355 audivit,
1391 2290 1541 2343 metuens
1566 2300 1608 2343 ne
1637 2278 1695 2347 ili·

539 2382 680 2467 populus
696 2382 876 2465 insurgeret
891 2382 923 2444 in
941 2380 1113 2465 Magnetes
1129 2380 1292 2453 Civitatis,
1311 2380 1367 2463 qui
1383 2379 1514 2444 iuemnt
1527 2378 1569 2443 ad
1590 2378 1694 2447 fidem

539 2507 643 2553 auam.
667 2485 755 2547 misit
783 2485 824 2546 ad
850 2483 1038 2547 Londonias
1064 2481 1232 2546 dominum
1262 2482 1425 2565 Rogemrn
1449 2480 1491 2546 de
1515 2478 1696 2563 [tiburno.

539 2588 605 2672 qui,
627 2588 679 2650 die
698 2587 830 2651 Sabbati
847 2588 995 2672 proximo
1010 2586 1158 2670 sequenti
1174 2586 1263 2649 renit
1278 2585 1311 2648 in
1328 2584 1471 2649 Gitdnatt
1482 2605 1556 2649 enm
1572 2606 1696 2671 rnngno

538 2690 692 2752 comitatu
723 2690 860 2752 miiitum
886 2702 920 2752 et
946 2689 1143 2753 servientum
1171 2686 1233 2750 sub
1257 2687 1372 2772 'sannis
1400 2700 1608 2765 uramur,
1635 2686 1695 2755 effi

539 2790 779 2853 innumerabilis
802 2790 943 2874 populus
959 2790 1109 2853 Civitatis
1124 2799 1343 2853 convenerant
1368 2799 1402 2854 et
1425 2790 1495 2854 sine
1509 2790 1696 2857 marinoni·

538 2894 641 2957 eione.
687 2892 730 2955 Er
753 2893 897 2978 precepit
916 2892 1001 2955 idern
1029 2892 1181 2956 dominus
1206 2893 1364 2975 Rogerus,
1385 2914 1425 2957 ex
1447 2904 1539 2978 parte
1555 2892 1696 2961 Domini

540 2996 648 3075 Regis,
676 3006 714 3058 ut
737 3016 861 3070 omnes,
890 2994 946 3078 qui
976 2995 1118 3080 suspecti
1148 3006 1268 3069 essent,
1298 2995 1436 3060 fuissent
1464 2996 1551 3081 eapti
1577 3006 1614 3061 et
1642 3006 1697 3063 nt·

538 3099 679 3173 tacuisti,
694 3122 734 3163 ne
756 3099 817 3184 ipsi
840 3098 979 3183 aliquam
994 3098 1288 3161 confederationem
1306 3100 1447 3163 iacerent
1460 3120 1536 3165 eum
1550 3098 1696 3165 inimici·

540 3202 673 3265 Domini
700 3202 806 3283 Regis.
853 3200 960 3273 Unde,
983 3200 1097 3263 eodem
1114 3199 1177 3273 die,
1192 3201 1278 3284 eapti
1303 3211 1380 3264 sunt
1402 3201 1476 3287 pius
1497 3222 1595 3287 quam
1617 3206 1697 3281 11⁸,

539 3304 628 3369 nulio
644 3305 684 3367 dc
700 3303 821 3389 populo
841 3303 961 3387 aliquid
978 3301 1229 3365 contradicente.

583 3406 844 3479 Memorandunr,
860 3404 946 3489 quod
962 3404 1019 3480 iiii,
1034 3405 1089 3490 qui
1105 3403 1299 3468 adheserunt
1317 3404 1460 3468 Domino
1477 3402 1567 3489 negt,
1578 3404 1696 3491 repitit

538 3510 750 3573 eontiixerunt
764 3532 837 3572 euin
850 3508 1041 3571 adversariis
1057 3508 1134 3577 suis,
1148 3507 1307 3583 videlieet,
1317 3530 1381 3571 una
1392 3508 1461 3571 vioe
1476 3508 1509 3571 in
1521 3506 1695 3579 Gemitu

540 3613 580 3675 de
599 3613 718 3697 Derbe,
734 3613 789 3675 nbi
803 3612 973 3676 Johnrrnes
988 3610 1029 3675 de
1046 3609 1172 3695 Epulo,
1188 3609 1373 3673 Baldwinus
1388 3608 1505 3685 wate,
1518 3620 1551 3673 et
1567 3608 1696 3677 Come

539 3716 579 3779 de
599 3715 743 3791 Feronia,
766 3715 820 3799 qui
837 3714 931 3777 tertia
945 3713 996 3777 die
1019 3725 1115 3776 antea
1138 3712 1270 3776 recessit
1295 3734 1314 3775 a
1336 3711 1400 3777 tide
1423 3710 1555 3775 Domini
1582 3710 1697 3799 nagia,

539 3819 696 3883 adherens
712 3818 758 3880 eis
770 3820 955 3901 juramento
971 3817 1118 3902 prestito,
1133 3828 1165 3879 et
1182 3816 1274 3879 multi
1290 3816 1354 3885 alii.
1376 3825 1599 3880 convenerunt
1613 3836 1695 3883 euna

538 3922 630 4005 equis
654 3934 685 3985 et
710 3922 807 3984 armis
831 3922 862 3983 in
884 3920 960 3984 vilia
982 3942 1045 4005 que
1071 3932 1204 3983 roratur
1231 3918 1432 3995 t'estrefieid
1455 3918 1511 3983 ubi
1536 3917 1698 3987 doninus

541 4024 704 4089 tierricus
727 4024 767 4088 de
783 4024 988 4099 Alamannia,
1011 4023 1164 4087 dominus
1189 4022 1359 4087 Johannea
1377 4021 1418 4087 de
1441 4022 1558 4103 Badioi
1581 4034 1619 4089 et
1640 4024 1700 4093 ffii
