<?xml version="1.0" encoding="UTF-8"?>
<!DOCTYPE html PUBLIC "-//W3C//DTD XHTML 1.0 Transitional//EN"
    "http://www.w3.org/TR/xhtml1/DTD/xhtml1-transitional.dtd">
<html xmlns="http://www.w3.org/1999/xhtml" xml:lang="en" lang="en">
 <head>
  <title>
</title>
<meta http-equiv="Content-Type" content="text/html;charset=utf-8" />
  <meta name='ocr-system' content='tesseract 3.04.00' />
  <meta name='ocr-capabilities' content='ocr_page ocr_carea ocr_par ocr_line ocrx_word'/>
</head>
<body>
  <div class='ocr_page' id='page_1' title='image "./deantiquislegib01fitzgoog_0329.png"; bbox 0 0 3540 4830; ppageno 0'>
   <div class='ocr_carea' id='block_1_1' title="bbox 556 450 1347 511">
    <p class='ocr_par' dir='ltr' id='par_1_1' title="bbox 556 450 1347 511">
     <span class='ocr_line' id='line_1_1' title="bbox 556 450 1347 511; baseline 0.001 -3"><span class='ocrx_word' id='word_1_1' title='bbox 556 450 599 509; x_wconf 77' lang='grc'>56</span> <span class='ocrx_word' id='word_1_2' title='bbox 913 464 1074 511; x_wconf 73' lang='lat' dir='ltr'>caosrcs</span> <span class='ocrx_word' id='word_1_3' title='bbox 1100 462 1276 510; x_wconf 74' lang='lat' dir='ltr'>usiones</span> <span class='ocrx_word' id='word_1_4' title='bbox 1302 465 1347 509; x_wconf 82' lang='lat' dir='ltr'>av</span> 
     </span>
    </p>
   </div>
   <div class='ocr_carea' id='block_1_2' title="bbox 554 614 1717 2943">
    <p class='ocr_par' dir='ltr' id='par_1_2' title="bbox 554 614 1717 1310">
     <span class='ocr_line' id='line_1_2' title="bbox 555 614 1713 703; baseline 0.002 -24"><span class='ocrx_word' id='word_1_5' title='bbox 555 625 693 695; x_wconf 86' lang='lat' dir='ltr'>servato,</span> <span class='ocrx_word' id='word_1_6' title='bbox 708 637 868 695; x_wconf 86' lang='lat' dir='ltr'>amovere,</span> <span class='ocrx_word' id='word_1_7' title='bbox 889 627 923 682; x_wconf 90' lang='lat' dir='ltr'>et</span> <span class='ocrx_word' id='word_1_8' title='bbox 937 616 1091 694; x_wconf 86' lang='lat' dir='ltr'>venellss,</span> <span class='ocrx_word' id='word_1_9' title='bbox 1114 638 1172 702; x_wconf 91' lang='lat' dir='ltr'>per</span> <span class='ocrx_word' id='word_1_10' title='bbox 1187 615 1285 682; x_wconf 81' lang='lat' dir='ltr'>breve</span> <span class='ocrx_word' id='word_1_11' title='bbox 1309 614 1446 681; x_wconf 83' lang='lat' dir='ltr'>Domini</span> <span class='ocrx_word' id='word_1_12' title='bbox 1470 614 1569 701; x_wconf 69' lang='lat' dir='ltr'>Regis</span> <span class='ocrx_word' id='word_1_13' title='bbox 1591 626 1629 681; x_wconf 87' lang='lat' dir='ltr'>et</span> <span class='ocrx_word' id='word_1_14' title='bbox 1647 636 1713 703; x_wconf 83' lang='lat' dir='ltr'>per</span> 
     </span>
     <span class='ocr_line' id='line_1_3' title="bbox 554 718 1714 805; baseline 0.003 -24"><span class='ocrx_word' id='word_1_15' title='bbox 554 718 756 783; x_wconf 85' lang='lat' dir='ltr'>Justitiarioa</span> <span class='ocrx_word' id='word_1_16' title='bbox 781 720 980 798; x_wconf 74' lang='lat' dir='ltr'>itinerantes,</span> <span class='ocrx_word' id='word_1_17' title='bbox 1006 719 1205 784; x_wconf 70' lang='lat' dir='ltr'>assentiente</span> <span class='ocrx_word' id='word_1_18' title='bbox 1229 718 1425 797; x_wconf 87' lang='lat' dir='ltr'>Communa,</span> <span class='ocrx_word' id='word_1_19' title='bbox 1450 718 1643 805; x_wconf 85' lang='lat' dir='ltr'>obstupatas</span> <span class='ocrx_word' id='word_1_20' title='bbox 1674 730 1714 785; x_wconf 78' lang='lat' dir='ltr'>et</span> 
     </span>
     <span class='ocr_line' id='line_1_4' title="bbox 555 818 1714 907; baseline 0.004 -26"><span class='ocrx_word' id='word_1_21' title='bbox 555 818 749 903; x_wconf 87' lang='lat' dir='ltr'>quibusdam</span> <span class='ocrx_word' id='word_1_22' title='bbox 779 829 951 898; x_wconf 84' lang='lat' dir='ltr'>areutatas,</span> <span class='ocrx_word' id='word_1_23' title='bbox 981 820 1170 884; x_wconf 70' lang='lat' dir='ltr'>nitebantur</span> <span class='ocrx_word' id='word_1_24' title='bbox 1199 821 1334 905; x_wconf 87' lang='lat' dir='ltr'>aperire,</span> <span class='ocrx_word' id='word_1_25' title='bbox 1360 820 1406 885; x_wconf 85' lang='lat' dir='ltr'>ita</span> <span class='ocrx_word' id='word_1_26' title='bbox 1436 820 1524 907; x_wconf 86' lang='lat' dir='ltr'>quod</span> <span class='ocrx_word' id='word_1_27' title='bbox 1549 820 1714 906; x_wconf 80' lang='lat' dir='ltr'>quasdam</span> 
     </span>
     <span class='ocr_line' id='line_1_5' title="bbox 554 919 1717 1007; baseline 0 -24"><span class='ocrx_word' id='word_1_28' title='bbox 554 929 589 983; x_wconf 89' lang='lat' dir='ltr'>et</span> <span class='ocrx_word' id='word_1_29' title='bbox 614 919 684 983; x_wconf 91' lang='lat' dir='ltr'>sine</span> <span class='ocrx_word' id='word_1_30' title='bbox 707 919 831 1005; x_wconf 86' lang='lat' dir='ltr'>judicio</span> <span class='ocrx_word' id='word_1_31' title='bbox 846 932 1051 1005; x_wconf 88' lang='lat' dir='ltr'>aperuerunt,</span> <span class='ocrx_word' id='word_1_32' title='bbox 1073 932 1108 985; x_wconf 88' lang='lat' dir='ltr'>et</span> <span class='ocrx_word' id='word_1_33' title='bbox 1130 920 1245 985; x_wconf 87' lang='lat' dir='ltr'>eodem</span> <span class='ocrx_word' id='word_1_34' title='bbox 1261 919 1360 985; x_wconf 88' lang='lat' dir='ltr'>modo</span> <span class='ocrx_word' id='word_1_35' title='bbox 1374 920 1530 1005; x_wconf 85' lang='lat' dir='ltr'>quasdam</span> <span class='ocrx_word' id='word_1_36' title='bbox 1555 940 1717 1007; x_wconf 79' lang='lat' dir='ltr'>purprea·</span> 
     </span>
     <span class='ocr_line' id='line_1_6' title="bbox 554 1022 1716 1107; baseline 0.003 -23"><span class='ocrx_word' id='word_1_37' title='bbox 554 1031 644 1085; x_wconf 90' lang='lat' dir='ltr'>turas</span> <span class='ocrx_word' id='word_1_38' title='bbox 658 1034 860 1098; x_wconf 88' lang='lat' dir='ltr'>amoverunt,</span> <span class='ocrx_word' id='word_1_39' title='bbox 875 1032 909 1085; x_wconf 93' lang='lat' dir='ltr'>et</span> <span class='ocrx_word' id='word_1_40' title='bbox 923 1022 1045 1106; x_wconf 88' lang='lat' dir='ltr'>aliquas</span> <span class='ocrx_word' id='word_1_41' title='bbox 1060 1033 1136 1106; x_wconf 87' lang='lat' dir='ltr'>post</span> <span class='ocrx_word' id='word_1_42' title='bbox 1150 1022 1321 1107; x_wconf 90' lang='lat' dir='ltr'>prandium</span> <span class='ocrx_word' id='word_1_43' title='bbox 1333 1048 1344 1101; x_wconf 89' lang='lat'>;</span> <span class='ocrx_word' id='word_1_44' title='bbox 1359 1034 1392 1087; x_wconf 89' lang='lat' dir='ltr'>et</span> <span class='ocrx_word' id='word_1_45' title='bbox 1402 1022 1466 1087; x_wconf 87' lang='lat' dir='ltr'>hoc</span> <span class='ocrx_word' id='word_1_46' title='bbox 1479 1043 1547 1086; x_wconf 91' lang='lat' dir='ltr'>non</span> <span class='ocrx_word' id='word_1_47' title='bbox 1561 1022 1716 1087; x_wconf 79' lang='lat' dir='ltr'>iecemnt</span> 
     </span>
     <span class='ocr_line' id='line_1_7' title="bbox 555 1122 1715 1204; baseline 0.004 -18"><span class='ocrx_word' id='word_1_48' title='bbox 555 1123 761 1187; x_wconf 88' lang='lat' dir='ltr'>solummodo</span> <span class='ocrx_word' id='word_1_49' title='bbox 784 1124 956 1189; x_wconf 85' lang='lat' dir='ltr'>amovendi</span> <span class='ocrx_word' id='word_1_50' title='bbox 982 1124 1064 1204; x_wconf 89' lang='lat' dir='ltr'>illas,</span> <span class='ocrx_word' id='word_1_51' title='bbox 1079 1124 1137 1188; x_wconf 89' lang='lat' dir='ltr'>sed</span> <span class='ocrx_word' id='word_1_52' title='bbox 1151 1124 1320 1189; x_wconf 74' lang='lat' dir='ltr'>occasione</span> <span class='ocrx_word' id='word_1_53' title='bbox 1335 1124 1525 1191; x_wconf 73' lang='lat' dir='ltr'>menmium</span> <span class='ocrx_word' id='word_1_54' title='bbox 1539 1140 1574 1191; x_wconf 87' lang='lat' dir='ltr'>ct</span> <span class='ocrx_word' id='word_1_55' title='bbox 1584 1124 1650 1189; x_wconf 92' lang='lat' dir='ltr'>alia</span> <span class='ocrx_word' id='word_1_56' title='bbox 1664 1122 1715 1191; x_wconf 90' lang='lat' dir='ltr'>ibi</span> 
     </span>
     <span class='ocr_line' id='line_1_8' title="bbox 556 1224 900 1310; baseline -0.006 -22"><span class='ocrx_word' id='word_1_57' title='bbox 556 1224 689 1289; x_wconf 87' lang='lat' dir='ltr'>inventa</span> <span class='ocrx_word' id='word_1_58' title='bbox 703 1224 900 1310; x_wconf 73' lang='lat' dir='ltr'>asportandi.</span> 
     </span>
    </p>

    <p class='ocr_par' dir='ltr' id='par_1_3' title="bbox 555 1325 1716 2211">
     <span class='ocr_line' id='line_1_9' title="bbox 603 1325 1716 1411; baseline 0.004 -20"><span class='ocrx_word' id='word_1_59' title='bbox 603 1327 731 1405; x_wconf 83' lang='lat' dir='ltr'>Postea,</span> <span class='ocrx_word' id='word_1_60' title='bbox 752 1328 786 1390; x_wconf 91' lang='lat' dir='ltr'>in</span> <span class='ocrx_word' id='word_1_61' title='bbox 802 1327 942 1391; x_wconf 87' lang='lat' dir='ltr'>crastino</span> <span class='ocrx_word' id='word_1_62' title='bbox 958 1325 1075 1391; x_wconf 89' lang='lat' dir='ltr'>Sancte</span> <span class='ocrx_word' id='word_1_63' title='bbox 1091 1326 1273 1411; x_wconf 85' lang='lat' dir='ltr'>blargarete</span> <span class='ocrx_word' id='word_1_64' title='bbox 1292 1326 1428 1393; x_wconf 84' lang='lat' dir='ltr'>missum</span> <span class='ocrx_word' id='word_1_65' title='bbox 1442 1336 1495 1394; x_wconf 87' lang='lat' dir='ltr'>eat</span> <span class='ocrx_word' id='word_1_66' title='bbox 1518 1326 1617 1393; x_wconf 82' lang='lat' dir='ltr'>breve</span> <span class='ocrx_word' id='word_1_67' title='bbox 1638 1328 1716 1395; x_wconf 86' lang='lat' dir='ltr'>Do·</span> 
     </span>
     <span class='ocr_line' id='line_1_10' title="bbox 557 1428 1716 1513; baseline 0.003 -20"><span class='ocrx_word' id='word_1_68' title='bbox 557 1429 636 1493; x_wconf 89' lang='lat' dir='ltr'>mini</span> <span class='ocrx_word' id='word_1_69' title='bbox 654 1430 749 1513; x_wconf 81' lang='lat' dir='ltr'>Regis</span> <span class='ocrx_word' id='word_1_70' title='bbox 767 1428 884 1493; x_wconf 82' lang='lat' dir='ltr'>Maiori</span> <span class='ocrx_word' id='word_1_71' title='bbox 899 1440 933 1493; x_wconf 92' lang='lat' dir='ltr'>et</span> <span class='ocrx_word' id='word_1_72' title='bbox 957 1428 1104 1507; x_wconf 75' lang='lat' dir='ltr'>Civibus,</span> <span class='ocrx_word' id='word_1_73' title='bbox 1119 1430 1151 1493; x_wconf 91' lang='lat' dir='ltr'>in</span> <span class='ocrx_word' id='word_1_74' title='bbox 1168 1451 1244 1513; x_wconf 91' lang='lat' dir='ltr'>quo,</span> <span class='ocrx_word' id='word_1_75' title='bbox 1266 1430 1350 1495; x_wconf 87' lang='lat' dir='ltr'>lecto</span> <span class='ocrx_word' id='word_1_76' title='bbox 1365 1430 1398 1493; x_wconf 89' lang='lat' dir='ltr'>in</span> <span class='ocrx_word' id='word_1_77' title='bbox 1425 1428 1600 1507; x_wconf 87' lang='lat' dir='ltr'>Gildballe,</span> <span class='ocrx_word' id='word_1_78' title='bbox 1628 1452 1716 1497; x_wconf 83' lang='lat' dir='ltr'>cou-</span> 
     </span>
     <span class='ocr_line' id='line_1_11' title="bbox 555 1530 1714 1617; baseline 0.005 -22"><span class='ocrx_word' id='word_1_79' title='bbox 555 1530 729 1610; x_wconf 89' lang='lat' dir='ltr'>tinebatur,</span> <span class='ocrx_word' id='word_1_80' title='bbox 743 1532 831 1617; x_wconf 90' lang='lat' dir='ltr'>quod</span> <span class='ocrx_word' id='word_1_81' title='bbox 846 1532 899 1595; x_wconf 83' lang='lat' dir='ltr'>illa</span> <span class='ocrx_word' id='word_1_82' title='bbox 914 1531 1085 1611; x_wconf 86' lang='lat' dir='ltr'>dissensio,</span> <span class='ocrx_word' id='word_1_83' title='bbox 1107 1554 1169 1617; x_wconf 88' lang='lat' dir='ltr'>que</span> <span class='ocrx_word' id='word_1_84' title='bbox 1184 1532 1246 1597; x_wconf 84' lang='lat' dir='ltr'>luit</span> <span class='ocrx_word' id='word_1_85' title='bbox 1260 1532 1344 1597; x_wconf 87' lang='lat' dir='ltr'>inter</span> <span class='ocrx_word' id='word_1_86' title='bbox 1370 1532 1492 1617; x_wconf 73' lang='lat' dir='ltr'>Regem</span> <span class='ocrx_word' id='word_1_87' title='bbox 1506 1540 1541 1597; x_wconf 82' lang='lat' dir='ltr'>et</span> <span class='ocrx_word' id='word_1_88' title='bbox 1560 1530 1714 1601; x_wconf 70' lang='lat' dir='ltr'>neone</span> 
     </span>
     <span class='ocr_line' id='line_1_12' title="bbox 556 1634 1715 1721; baseline 0.003 -22"><span class='ocrx_word' id='word_1_89' title='bbox 556 1636 617 1699; x_wconf 80' lang='lat' dir='ltr'>fuit</span> <span class='ocrx_word' id='word_1_90' title='bbox 631 1635 808 1720; x_wconf 84' lang='lat' dir='ltr'>pacificata,</span> <span class='ocrx_word' id='word_1_91' title='bbox 822 1647 856 1699; x_wconf 92' lang='lat' dir='ltr'>et</span> <span class='ocrx_word' id='word_1_92' title='bbox 872 1636 1014 1721; x_wconf 87' lang='lat' dir='ltr'>precepit</span> <span class='ocrx_word' id='word_1_93' title='bbox 1032 1636 1111 1713; x_wconf 85' lang='lat' dir='ltr'>Rex,</span> <span class='ocrx_word' id='word_1_94' title='bbox 1127 1636 1215 1720; x_wconf 90' lang='lat' dir='ltr'>quod</span> <span class='ocrx_word' id='word_1_95' title='bbox 1229 1656 1292 1720; x_wconf 83' lang='lat' dir='ltr'>pax</span> <span class='ocrx_word' id='word_1_96' title='bbox 1307 1656 1367 1699; x_wconf 89' lang='lat' dir='ltr'>sua</span> <span class='ocrx_word' id='word_1_97' title='bbox 1385 1636 1469 1699; x_wconf 79' lang='lat' dir='ltr'>inira</span> <span class='ocrx_word' id='word_1_98' title='bbox 1483 1634 1661 1701; x_wconf 82' lang='lat' dir='ltr'>Civitatem</span> <span class='ocrx_word' id='word_1_99' title='bbox 1676 1650 1715 1703; x_wconf 88' lang='lat' dir='ltr'>et</span> 
     </span>
     <span class='ocr_line' id='line_1_13' title="bbox 555 1737 1713 1825; baseline 0.003 -24"><span class='ocrx_word' id='word_1_100' title='bbox 555 1748 646 1802; x_wconf 85' lang='lat' dir='ltr'>extra</span> <span class='ocrx_word' id='word_1_101' title='bbox 670 1738 805 1803; x_wconf 88' lang='lat' dir='ltr'>firmiter</span> <span class='ocrx_word' id='word_1_102' title='bbox 819 1738 1065 1815; x_wconf 80' lang='lat' dir='ltr'>observaretur3</span> <span class='ocrx_word' id='word_1_103' title='bbox 1087 1750 1121 1803; x_wconf 92' lang='lat' dir='ltr'>et</span> <span class='ocrx_word' id='word_1_104' title='bbox 1142 1760 1217 1802; x_wconf 92' lang='lat' dir='ltr'>cum</span> <span class='ocrx_word' id='word_1_105' title='bbox 1241 1737 1282 1801; x_wconf 93' lang='lat' dir='ltr'>de</span> <span class='ocrx_word' id='word_1_106' title='bbox 1297 1738 1416 1823; x_wconf 89' lang='lat' dir='ltr'>aliquo,</span> <span class='ocrx_word' id='word_1_107' title='bbox 1430 1748 1543 1803; x_wconf 82' lang='lat' dir='ltr'>contm</span> <span class='ocrx_word' id='word_1_108' title='bbox 1561 1738 1713 1825; x_wconf 85' lang='lat' dir='ltr'>predicta</span> 
     </span>
     <span class='ocr_line' id='line_1_14' title="bbox 555 1839 1715 1925; baseline 0.005 -24"><span class='ocrx_word' id='word_1_109' title='bbox 555 1849 678 1903; x_wconf 84' lang='lat' dir='ltr'>statuta</span> <span class='ocrx_word' id='word_1_110' title='bbox 691 1840 852 1917; x_wconf 86' lang='lat' dir='ltr'>veniente,</span> <span class='ocrx_word' id='word_1_111' title='bbox 868 1840 941 1903; x_wconf 92' lang='lat' dir='ltr'>sciri</span> <span class='ocrx_word' id='word_1_112' title='bbox 967 1852 1090 1925; x_wconf 88' lang='lat' dir='ltr'>posset,</span> <span class='ocrx_word' id='word_1_113' title='bbox 1105 1860 1163 1925; x_wconf 89' lang='lat' dir='ltr'>per</span> <span class='ocrx_word' id='word_1_114' title='bbox 1179 1839 1322 1903; x_wconf 85' lang='lat' dir='ltr'>Ballivos</span> <span class='ocrx_word' id='word_1_115' title='bbox 1349 1849 1508 1904; x_wconf 77' lang='lat' dir='ltr'>arestaurs</span> <span class='ocrx_word' id='word_1_116' title='bbox 1533 1840 1662 1917; x_wconf 80' lang='lat' dir='ltr'>luisset,</span> <span class='ocrx_word' id='word_1_117' title='bbox 1677 1852 1715 1907; x_wconf 85' lang='lat' dir='ltr'>at</span> 
     </span>
     <span class='ocr_line' id='line_1_15' title="bbox 556 1940 1713 2029; baseline 0.007 -26"><span class='ocrx_word' id='word_1_118' title='bbox 556 1942 665 2003; x_wconf 88' lang='lat' dir='ltr'>ornnia</span> <span class='ocrx_word' id='word_1_119' title='bbox 679 1940 765 2005; x_wconf 88' lang='lat' dir='ltr'>bona</span> <span class='ocrx_word' id='word_1_120' title='bbox 779 1963 848 2013; x_wconf 81' lang='lat' dir='ltr'>sua,</span> <span class='ocrx_word' id='word_1_121' title='bbox 863 1953 896 2006; x_wconf 90' lang='lat' dir='ltr'>et</span> <span class='ocrx_word' id='word_1_122' title='bbox 912 1942 1001 2005; x_wconf 83' lang='lat' dir='ltr'>salvo</span> <span class='ocrx_word' id='word_1_123' title='bbox 1016 1942 1188 2019; x_wconf 81' lang='lat' dir='ltr'>custodita,</span> <span class='ocrx_word' id='word_1_124' title='bbox 1211 1941 1314 2007; x_wconf 89' lang='lat' dir='ltr'>donec</span> <span class='ocrx_word' id='word_1_125' title='bbox 1332 1943 1400 2006; x_wconf 81' lang='lat' dir='ltr'>Rex</span> <span class='ocrx_word' id='word_1_126' title='bbox 1416 1962 1515 2029; x_wconf 78' lang='lat' dir='ltr'>super</span> <span class='ocrx_word' id='word_1_127' title='bbox 1541 1942 1605 2007; x_wconf 87' lang='lat' dir='ltr'>boc</span> <span class='ocrx_word' id='word_1_128' title='bbox 1618 1944 1713 2011; x_wconf 77' lang='lat' dir='ltr'>aliud</span> 
     </span>
     <span class='ocr_line' id='line_1_16' title="bbox 556 2044 1713 2133; baseline 0.003 -28"><span class='ocrx_word' id='word_1_129' title='bbox 556 2044 700 2107; x_wconf 88' lang='lat' dir='ltr'>dedisset</span> <span class='ocrx_word' id='word_1_130' title='bbox 714 2044 747 2107; x_wconf 89' lang='lat' dir='ltr'>iu</span> <span class='ocrx_word' id='word_1_131' title='bbox 765 2045 933 2129; x_wconf 87' lang='lat' dir='ltr'>preceptis.</span> <span class='ocrx_word' id='word_1_132' title='bbox 979 2044 1024 2109; x_wconf 84' lang='lat' dir='ltr'>Et</span> <span class='ocrx_word' id='word_1_133' title='bbox 1039 2068 1058 2107; x_wconf 88' lang='lat' dir='ltr'>a</span> <span class='ocrx_word' id='word_1_134' title='bbox 1073 2046 1125 2109; x_wconf 91' lang='lat' dir='ltr'>die</span> <span class='ocrx_word' id='word_1_135' title='bbox 1151 2044 1205 2108; x_wconf 90' lang='lat' dir='ltr'>illa</span> <span class='ocrx_word' id='word_1_136' title='bbox 1228 2046 1262 2109; x_wconf 92' lang='lat' dir='ltr'>in</span> <span class='ocrx_word' id='word_1_137' title='bbox 1286 2056 1383 2109; x_wconf 88' lang='lat' dir='ltr'>antea</span> <span class='ocrx_word' id='word_1_138' title='bbox 1408 2046 1517 2111; x_wconf 86' lang='lat' dir='ltr'>omnis</span> <span class='ocrx_word' id='word_1_139' title='bbox 1530 2066 1589 2131; x_wconf 85' lang='lat' dir='ltr'>par</span> <span class='ocrx_word' id='word_1_140' title='bbox 1604 2046 1713 2133; x_wconf 70' lang='lat' dir='ltr'>legem</span> 
     </span>
     <span class='ocr_line' id='line_1_17' title="bbox 557 2146 1193 2211; baseline 0 -1"><span class='ocrx_word' id='word_1_141' title='bbox 557 2156 641 2210; x_wconf 90' lang='lat' dir='ltr'>terre</span> <span class='ocrx_word' id='word_1_142' title='bbox 655 2146 794 2210; x_wconf 89' lang='lat' dir='ltr'>deducta</span> <span class='ocrx_word' id='word_1_143' title='bbox 809 2147 950 2211; x_wconf 87' lang='lat' dir='ltr'>luissent</span> <span class='ocrx_word' id='word_1_144' title='bbox 964 2159 998 2211; x_wconf 92' lang='lat' dir='ltr'>et</span> <span class='ocrx_word' id='word_1_145' title='bbox 1013 2148 1193 2211; x_wconf 87' lang='lat' dir='ltr'>terminata.</span> 
     </span>
    </p>

    <p class='ocr_par' dir='ltr' id='par_1_4' title="bbox 556 2247 1714 2943">
     <span class='ocr_line' id='line_1_18' title="bbox 599 2247 1714 2335; baseline 0.004 -23"><span class='ocrx_word' id='word_1_146' title='bbox 599 2249 692 2313; x_wconf 87' lang='lat' dir='ltr'>Tunc</span> <span class='ocrx_word' id='word_1_147' title='bbox 715 2250 870 2335; x_wconf 88' lang='lat' dir='ltr'>temporis</span> <span class='ocrx_word' id='word_1_148' title='bbox 894 2250 1028 2335; x_wconf 85' lang='lat' dir='ltr'>predicti</span> <span class='ocrx_word' id='word_1_149' title='bbox 1058 2250 1201 2315; x_wconf 79' lang='lat' dir='ltr'>Berones</span> <span class='ocrx_word' id='word_1_150' title='bbox 1234 2249 1275 2313; x_wconf 88' lang='lat' dir='ltr'>ad</span> <span class='ocrx_word' id='word_1_151' title='bbox 1305 2251 1497 2335; x_wconf 83' lang='lat' dir='ltr'>captandam</span> <span class='ocrx_word' id='word_1_152' title='bbox 1525 2272 1545 2314; x_wconf 94' lang='lat' dir='ltr'>a</span> <span class='ocrx_word' id='word_1_153' title='bbox 1570 2247 1714 2317; x_wconf 76' lang='lat' dir='ltr'>Civibus</span> 
     </span>
     <span class='ocr_line' id='line_1_19' title="bbox 556 2350 1713 2437; baseline -0.002 -22"><span class='ocrx_word' id='word_1_154' title='bbox 556 2352 710 2434; x_wconf 91' lang='lat' dir='ltr'>majorem</span> <span class='ocrx_word' id='word_1_155' title='bbox 726 2350 999 2429; x_wconf 77' lang='lat' dir='ltr'>benevolenciam,</span> <span class='ocrx_word' id='word_1_156' title='bbox 1014 2352 1101 2415; x_wconf 82' lang='lat' dir='ltr'>affati</span> <span class='ocrx_word' id='word_1_157' title='bbox 1115 2362 1192 2414; x_wconf 91' lang='lat' dir='ltr'>sunt</span> <span class='ocrx_word' id='word_1_158' title='bbox 1207 2372 1275 2425; x_wconf 90' lang='lat' dir='ltr'>eos,</span> <span class='ocrx_word' id='word_1_159' title='bbox 1290 2350 1435 2415; x_wconf 87' lang='lat' dir='ltr'>dicentes</span> <span class='ocrx_word' id='word_1_160' title='bbox 1456 2356 1479 2387; x_wconf 90' lang='lat'>“</span> <span class='ocrx_word' id='word_1_161' title='bbox 1490 2362 1528 2415; x_wconf 90' lang='lat' dir='ltr'>ut</span> <span class='ocrx_word' id='word_1_162' title='bbox 1553 2350 1617 2437; x_wconf 86' lang='lat' dir='ltr'>ipsi</span> <span class='ocrx_word' id='word_1_163' title='bbox 1632 2372 1713 2435; x_wconf 82' lang='lat' dir='ltr'>prn-</span> 
     </span>
     <span class='ocr_line' id='line_1_20' title="bbox 557 2451 1714 2537; baseline 0.005 -22"><span class='ocrx_word' id='word_1_164' title='bbox 557 2453 725 2530; x_wconf 89' lang='lat' dir='ltr'>vidissent,</span> <span class='ocrx_word' id='word_1_165' title='bbox 751 2454 779 2516; x_wconf 90' lang='lat' dir='ltr'>ai</span> <span class='ocrx_word' id='word_1_166' title='bbox 805 2453 881 2537; x_wconf 88' lang='lat' dir='ltr'>quid</span> <span class='ocrx_word' id='word_1_167' title='bbox 907 2452 1108 2517; x_wconf 87' lang='lat' dir='ltr'>subtractum</span> <span class='ocrx_word' id='word_1_168' title='bbox 1134 2453 1247 2515; x_wconf 84' lang='lat' dir='ltr'>fuisset</span> <span class='ocrx_word' id='word_1_169' title='bbox 1275 2452 1315 2517; x_wconf 90' lang='lat' dir='ltr'>de</span> <span class='ocrx_word' id='word_1_170' title='bbox 1340 2451 1543 2516; x_wconf 85' lang='lat' dir='ltr'>libertatibus</span> <span class='ocrx_word' id='word_1_171' title='bbox 1569 2452 1650 2531; x_wconf 85' lang='lat' dir='ltr'>suis,</span> <span class='ocrx_word' id='word_1_172' title='bbox 1676 2466 1714 2521; x_wconf 88' lang='lat' dir='ltr'>et</span> 
     </span>
     <span class='ocr_line' id='line_1_21' title="bbox 556 2554 1712 2645; baseline 0.002 -25"><span class='ocrx_word' id='word_1_173' title='bbox 556 2558 654 2621; x_wconf 88' lang='lat' dir='ltr'>etiam</span> <span class='ocrx_word' id='word_1_174' title='bbox 669 2557 740 2631; x_wconf 85' lang='lat' dir='ltr'>alia,</span> <span class='ocrx_word' id='word_1_175' title='bbox 764 2579 826 2641; x_wconf 90' lang='lat' dir='ltr'>que</span> <span class='ocrx_word' id='word_1_176' title='bbox 842 2558 980 2621; x_wconf 83' lang='lat' dir='ltr'>luissent</span> <span class='ocrx_word' id='word_1_177' title='bbox 1002 2558 1092 2642; x_wconf 87' lang='lat' dir='ltr'>justa</span> <span class='ocrx_word' id='word_1_178' title='bbox 1103 2568 1135 2621; x_wconf 88' lang='lat' dir='ltr'>et</span> <span class='ocrx_word' id='word_1_179' title='bbox 1151 2556 1288 2620; x_wconf 87' lang='lat' dir='ltr'>honesta</span> <span class='ocrx_word' id='word_1_180' title='bbox 1303 2554 1343 2618; x_wconf 90' lang='lat' dir='ltr'>ad</span> <span class='ocrx_word' id='word_1_181' title='bbox 1359 2554 1524 2621; x_wconf 84' lang='lat' dir='ltr'>libertates</span> <span class='ocrx_word' id='word_1_182' title='bbox 1539 2578 1616 2621; x_wconf 86' lang='lat' dir='ltr'>suas</span> <span class='ocrx_word' id='word_1_183' title='bbox 1629 2578 1712 2645; x_wconf 65' lang='lat' dir='ltr'>aug·</span> 
     </span>
     <span class='ocr_line' id='line_1_22' title="bbox 557 2657 1713 2747; baseline 0.002 -26"><span class='ocrx_word' id='word_1_184' title='bbox 557 2658 760 2733; x_wconf 77' lang='lat' dir='ltr'>mentanrlas,</span> <span class='ocrx_word' id='word_1_185' title='bbox 777 2668 811 2721; x_wconf 90' lang='lat' dir='ltr'>et</span> <span class='ocrx_word' id='word_1_186' title='bbox 835 2658 888 2720; x_wconf 88' lang='lat' dir='ltr'>illa</span> <span class='ocrx_word' id='word_1_187' title='bbox 904 2659 1010 2742; x_wconf 88' lang='lat' dir='ltr'>posita</span> <span class='ocrx_word' id='word_1_188' title='bbox 1029 2660 1062 2721; x_wconf 92' lang='lat' dir='ltr'>in</span> <span class='ocrx_word' id='word_1_189' title='bbox 1080 2658 1220 2743; x_wconf 87' lang='lat' dir='ltr'>scriptis,</span> <span class='ocrx_word' id='word_1_190' title='bbox 1238 2657 1382 2721; x_wconf 81' lang='lat' dir='ltr'>lierones</span> <span class='ocrx_word' id='word_1_191' title='bbox 1402 2657 1612 2725; x_wconf 86' lang='lat' dir='ltr'>ostenderant</span> <span class='ocrx_word' id='word_1_192' title='bbox 1628 2660 1713 2747; x_wconf 68' lang='lat' dir='ltr'>Regi</span> 
     </span>
     <span class='ocr_line' id='line_1_23' title="bbox 556 2757 1713 2843; baseline 0.005 -22"><span class='ocrx_word' id='word_1_193' title='bbox 556 2772 591 2821; x_wconf 92' lang='lat' dir='ltr'>ct</span> <span class='ocrx_word' id='word_1_194' title='bbox 605 2757 740 2821; x_wconf 90' lang='lat' dir='ltr'>consilio</span> <span class='ocrx_word' id='word_1_195' title='bbox 755 2779 825 2831; x_wconf 91' lang='lat' dir='ltr'>suo,</span> <span class='ocrx_word' id='word_1_196' title='bbox 840 2758 894 2840; x_wconf 91' lang='lat' dir='ltr'>qui</span> <span class='ocrx_word' id='word_1_197' title='bbox 910 2780 949 2821; x_wconf 86' lang='lat' dir='ltr'>ea</span> <span class='ocrx_word' id='word_1_198' title='bbox 963 2758 1068 2841; x_wconf 83' lang='lat' dir='ltr'>sigillo</span> <span class='ocrx_word' id='word_1_199' title='bbox 1083 2781 1143 2821; x_wconf 89' lang='lat' dir='ltr'>suo</span> <span class='ocrx_word' id='word_1_200' title='bbox 1167 2758 1382 2836; x_wconf 79' lang='lat' dir='ltr'>confirmaret,</span> <span class='ocrx_word' id='word_1_201' title='bbox 1404 2758 1557 2843; x_wconf 83' lang='lat' dir='ltr'>predictis</span> <span class='ocrx_word' id='word_1_202' title='bbox 1572 2758 1713 2827; x_wconf 77' lang='lat' dir='ltr'>Civibus</span> 
     </span>
     <span class='ocr_line' id='line_1_24' title="bbox 556 2858 1713 2943; baseline 0.003 -18"><span class='ocrx_word' id='word_1_203' title='bbox 556 2874 589 2925; x_wconf 89' lang='lat' dir='ltr'>et</span> <span class='ocrx_word' id='word_1_204' title='bbox 605 2858 777 2922; x_wconf 85' lang='lat' dir='ltr'>heredibus</span> <span class='ocrx_word' id='word_1_205' title='bbox 792 2879 903 2921; x_wconf 90' lang='lat' dir='ltr'>eorum</span> <span class='ocrx_word' id='word_1_206' title='bbox 916 2860 1155 2943; x_wconf 88' lang='lat' dir='ltr'>imperpetuum</span> <span class='ocrx_word' id='word_1_207' title='bbox 1172 2860 1378 2943; x_wconf 66' lang='lat' dir='ltr'>prendenda.</span> <span class='ocrx_word' id='word_1_208' title='bbox 1419 2860 1526 2925; x_wconf 84' lang='lat' dir='ltr'>Maior</span> <span class='ocrx_word' id='word_1_209' title='bbox 1540 2881 1617 2927; x_wconf 84' lang='lat' dir='ltr'>vcro</span> <span class='ocrx_word' id='word_1_210' title='bbox 1631 2862 1713 2931; x_wconf 73' lang='lat' dir='ltr'>teda</span> 
     </span>
    </p>
   </div>
   <div class='ocr_carea' id='block_1_3' title="bbox 364 2960 1718 3249">
    <p class='ocr_par' dir='ltr' id='par_1_5' title="bbox 364 2960 1718 3249">
     <span class='ocr_line' id='line_1_25' title="bbox 364 2960 1715 3047; baseline 0.001 -22"><span class='ocrx_word' id='word_1_211' title='bbox 364 2988 501 3047; x_wconf 51' lang='lat' dir='ltr'>mm...</span> <span class='ocrx_word' id='word_1_212' title='bbox 557 2960 747 3024; x_wconf 85' lang='lat' dir='ltr'>summoniri</span> <span class='ocrx_word' id='word_1_213' title='bbox 758 2960 943 3023; x_wconf 82' lang='lat' dir='ltr'>universum</span> <span class='ocrx_word' id='word_1_214' title='bbox 955 2960 1111 3044; x_wconf 89' lang='lat' dir='ltr'>populum</span> <span class='ocrx_word' id='word_1_215' title='bbox 1127 2960 1289 3039; x_wconf 83' lang='lat' dir='ltr'>Civitatis,</span> <span class='ocrx_word' id='word_1_216' title='bbox 1299 2962 1408 3027; x_wconf 89' lang='lat' dir='ltr'>dicens</span> <span class='ocrx_word' id='word_1_217' title='bbox 1420 2962 1467 3027; x_wconf 90' lang='lat' dir='ltr'>eis</span> <span class='ocrx_word' id='word_1_218' title='bbox 1481 2962 1715 3033; x_wconf 79' lang='lat' dir='ltr'>“utbominaa</span> 
     </span>
     <span class='ocr_line' id='line_1_26' title="bbox 392 3060 1718 3161; baseline -0.001 -31"><span class='ocrx_word' id='word_1_219' title='bbox 392 3070 438 3161; x_wconf 55' lang='lat' dir='ltr'>v&#39;m</span> <span class='ocrx_word' id='word_1_220' title='bbox 557 3065 598 3129; x_wconf 89' lang='lat' dir='ltr'>de</span> <span class='ocrx_word' id='word_1_221' title='bbox 613 3061 758 3148; x_wconf 86' lang='lat' dir='ltr'>quolibet</span> <span class='ocrx_word' id='word_1_222' title='bbox 772 3060 879 3124; x_wconf 91' lang='lat' dir='ltr'>officio</span> <span class='ocrx_word' id='word_1_223' title='bbox 904 3062 1132 3146; x_wconf 85' lang='lat' dir='ltr'>providissent,</span> <span class='ocrx_word' id='word_1_224' title='bbox 1148 3085 1210 3147; x_wconf 91' lang='lat' dir='ltr'>que</span> <span class='ocrx_word' id='word_1_225' title='bbox 1236 3064 1374 3127; x_wconf 88' lang='lat' dir='ltr'>luissent</span> <span class='ocrx_word' id='word_1_226' title='bbox 1388 3064 1435 3128; x_wconf 88' lang='lat' dir='ltr'>eis</span> <span class='ocrx_word' id='word_1_227' title='bbox 1461 3064 1561 3141; x_wconf 89' lang='lat' dir='ltr'>utilia,</span> <span class='ocrx_word' id='word_1_228' title='bbox 1584 3076 1618 3129; x_wconf 90' lang='lat' dir='ltr'>et</span> <span class='ocrx_word' id='word_1_229' title='bbox 1642 3066 1718 3153; x_wconf 77' lang='lat' dir='ltr'>ipae</span> 
     </span>
     <span class='ocr_line' id='line_1_27' title="bbox 393 3163 1716 3249; baseline 0.005 -22"><span class='ocrx_word' id='word_1_230' title='bbox 393 3200 442 3227; x_wconf 73' lang='grc' dir='ltr'>ι..</span> <span class='ocrx_word' id='word_1_231' title='bbox 479 3188 596 3231; x_wconf 56' lang='lat' dir='ltr'>noxa</span> <span class='ocrx_word' id='word_1_232' title='bbox 618 3167 737 3231; x_wconf 84' lang='lat' dir='ltr'>laceret</span> <span class='ocrx_word' id='word_1_233' title='bbox 766 3163 902 3229; x_wconf 78' lang='lat' dir='ltr'>clausere</span> <span class='ocrx_word' id='word_1_234' title='bbox 932 3165 965 3227; x_wconf 92' lang='lat' dir='ltr'>in</span> <span class='ocrx_word' id='word_1_235' title='bbox 991 3165 1131 3227; x_wconf 72' lang='lat' dir='ltr'>t&#39;iiitate</span> <span class='ocrx_word' id='word_1_236' title='bbox 1157 3178 1190 3228; x_wconf 94' lang='lat' dir='ltr'>et</span> <span class='ocrx_word' id='word_1_237' title='bbox 1216 3164 1351 3229; x_wconf 79' lang='lat' dir='ltr'>tirmiter</span> <span class='ocrx_word' id='word_1_238' title='bbox 1380 3164 1596 3244; x_wconf 82' lang='lat' dir='ltr'>observare;’&#39;</span> <span class='ocrx_word' id='word_1_239' title='bbox 1612 3168 1716 3249; x_wconf 85' lang='lat' dir='ltr'>enda,</span> 
     </span>
    </p>
   </div>
   <div class='ocr_carea' id='block_1_4' title="bbox 555 3264 1717 4155">
    <p class='ocr_par' dir='ltr' id='par_1_6' title="bbox 555 3264 1717 4155">
     <span class='ocr_line' id='line_1_28' title="bbox 558 3264 1715 3353; baseline 0.005 -22"><span class='ocrx_word' id='word_1_240' title='bbox 558 3280 682 3353; x_wconf 87' lang='lat' dir='ltr'>postea,</span> <span class='ocrx_word' id='word_1_241' title='bbox 697 3269 737 3331; x_wconf 89' lang='lat' dir='ltr'>de</span> <span class='ocrx_word' id='word_1_242' title='bbox 753 3266 804 3331; x_wconf 89' lang='lat' dir='ltr'>die</span> <span class='ocrx_word' id='word_1_243' title='bbox 820 3266 852 3330; x_wconf 94' lang='lat' dir='ltr'>in</span> <span class='ocrx_word' id='word_1_244' title='bbox 871 3266 956 3330; x_wconf 87' lang='lat' dir='ltr'>diem</span> <span class='ocrx_word' id='word_1_245' title='bbox 973 3264 1090 3349; x_wconf 78' lang='lat' dir='ltr'>singuli</span> <span class='ocrx_word' id='word_1_246' title='bbox 1106 3266 1146 3329; x_wconf 93' lang='lat' dir='ltr'>de</span> <span class='ocrx_word' id='word_1_247' title='bbox 1162 3265 1306 3350; x_wconf 88' lang='lat' dir='ltr'>quolibet</span> <span class='ocrx_word' id='word_1_248' title='bbox 1321 3268 1428 3331; x_wconf 82' lang='lat' dir='ltr'>officio</span> <span class='ocrx_word' id='word_1_249' title='bbox 1443 3290 1501 3353; x_wconf 85' lang='lat' dir='ltr'>per</span> <span class='ocrx_word' id='word_1_250' title='bbox 1515 3289 1550 3332; x_wconf 90' lang='lat' dir='ltr'>se</span> <span class='ocrx_word' id='word_1_251' title='bbox 1564 3268 1715 3337; x_wconf 79' lang='lat' dir='ltr'>teoenma</span> 
     </span>
     <span class='ocr_line' id='line_1_29' title="bbox 557 3368 1715 3455; baseline 0.003 -20"><span class='ocrx_word' id='word_1_252' title='bbox 557 3394 642 3435; x_wconf 88' lang='lat' dir='ltr'>nova</span> <span class='ocrx_word' id='word_1_253' title='bbox 657 3382 777 3435; x_wconf 85' lang='lat' dir='ltr'>statuta</span> <span class='ocrx_word' id='word_1_254' title='bbox 792 3384 824 3434; x_wconf 90' lang='lat' dir='ltr'>et</span> <span class='ocrx_word' id='word_1_255' title='bbox 851 3369 1064 3455; x_wconf 76' lang='lat' dir='ltr'>provisiones,</span> <span class='ocrx_word' id='word_1_256' title='bbox 1080 3390 1142 3453; x_wconf 90' lang='lat' dir='ltr'>que</span> <span class='ocrx_word' id='word_1_257' title='bbox 1158 3368 1260 3453; x_wconf 84' lang='lat' dir='ltr'>magia</span> <span class='ocrx_word' id='word_1_258' title='bbox 1289 3381 1428 3455; x_wconf 87' lang='lat' dir='ltr'>possunt</span> <span class='ocrx_word' id='word_1_259' title='bbox 1442 3370 1506 3435; x_wconf 89' lang='lat' dir='ltr'>dici</span> <span class='ocrx_word' id='word_1_260' title='bbox 1520 3370 1715 3439; x_wconf 84' lang='lat' dir='ltr'>abhomina-</span> 
     </span>
     <span class='ocr_line' id='line_1_30' title="bbox 556 3472 1716 3556; baseline 0.003 -17"><span class='ocrx_word' id='word_1_261' title='bbox 556 3476 674 3551; x_wconf 87' lang='lat' dir='ltr'>tiones,</span> <span class='ocrx_word' id='word_1_262' title='bbox 689 3488 722 3537; x_wconf 91' lang='lat' dir='ltr'>et</span> <span class='ocrx_word' id='word_1_263' title='bbox 746 3472 950 3537; x_wconf 88' lang='lat' dir='ltr'>solummodo</span> <span class='ocrx_word' id='word_1_264' title='bbox 965 3472 1007 3535; x_wconf 87' lang='lat' dir='ltr'>ad</span> <span class='ocrx_word' id='word_1_265' title='bbox 1023 3472 1231 3535; x_wconf 91' lang='lat' dir='ltr'>commodum</span> <span class='ocrx_word' id='word_1_266' title='bbox 1248 3472 1405 3556; x_wconf 90' lang='lat' dir='ltr'>ipsorum,</span> <span class='ocrx_word' id='word_1_267' title='bbox 1431 3486 1465 3539; x_wconf 90' lang='lat' dir='ltr'>et</span> <span class='ocrx_word' id='word_1_268' title='bbox 1490 3473 1530 3539; x_wconf 81' lang='lat' dir='ltr'>sd</span> <span class='ocrx_word' id='word_1_269' title='bbox 1546 3474 1716 3543; x_wconf 75' lang='lat' dir='ltr'>inrobera·</span> 
     </span>
     <span class='ocr_line' id='line_1_31' title="bbox 557 3576 1716 3661; baseline 0.004 -20"><span class='ocrx_word' id='word_1_270' title='bbox 557 3578 654 3643; x_wconf 88' lang='lat' dir='ltr'>bilem</span> <span class='ocrx_word' id='word_1_271' title='bbox 666 3582 824 3661; x_wconf 86' lang='lat' dir='ltr'>jacturam</span> <span class='ocrx_word' id='word_1_272' title='bbox 841 3576 987 3639; x_wconf 90' lang='lat' dir='ltr'>omnium</span> <span class='ocrx_word' id='word_1_273' title='bbox 1015 3588 1228 3639; x_wconf 89' lang='lat' dir='ltr'>mercatorum</span> <span class='ocrx_word' id='word_1_274' title='bbox 1246 3576 1445 3640; x_wconf 88' lang='lat' dir='ltr'>venientium</span> <span class='ocrx_word' id='word_1_275' title='bbox 1467 3577 1501 3641; x_wconf 94' lang='lat' dir='ltr'>in</span> <span class='ocrx_word' id='word_1_276' title='bbox 1529 3576 1716 3647; x_wconf 70' lang='lat' dir='ltr'>hindouiis</span> 
     </span>
     <span class='ocr_line' id='line_1_32' title="bbox 556 3677 1715 3764; baseline -0.001 -20"><span class='ocrx_word' id='word_1_277' title='bbox 556 3693 588 3745; x_wconf 88' lang='lat' dir='ltr'>et</span> <span class='ocrx_word' id='word_1_278' title='bbox 605 3682 637 3743; x_wconf 88' lang='lat' dir='ltr'>in</span> <span class='ocrx_word' id='word_1_279' title='bbox 654 3680 807 3743; x_wconf 90' lang='lat' dir='ltr'>nundinis</span> <span class='ocrx_word' id='word_1_280' title='bbox 823 3678 948 3761; x_wconf 61' lang='lat' dir='ltr'>¹inglie,</span> <span class='ocrx_word' id='word_1_281' title='bbox 970 3688 1004 3741; x_wconf 90' lang='lat' dir='ltr'>ct</span> <span class='ocrx_word' id='word_1_282' title='bbox 1029 3677 1069 3740; x_wconf 90' lang='lat' dir='ltr'>sd</span> <span class='ocrx_word' id='word_1_283' title='bbox 1086 3678 1263 3741; x_wconf 82' lang='lat' dir='ltr'>maximum</span> <span class='ocrx_word' id='word_1_284' title='bbox 1279 3678 1458 3764; x_wconf 90' lang='lat' dir='ltr'>dampnum</span> <span class='ocrx_word' id='word_1_285' title='bbox 1484 3678 1715 3751; x_wconf 73' lang='lat' dir='ltr'>universorum</span> 
     </span>
     <span class='ocr_line' id='line_1_33' title="bbox 557 3780 1716 3865; baseline 0 -18"><span class='ocrx_word' id='word_1_286' title='bbox 557 3785 656 3865; x_wconf 76' lang='lat' dir='ltr'>regni.</span> <span class='ocrx_word' id='word_1_287' title='bbox 702 3783 746 3845; x_wconf 79' lang='lat' dir='ltr'>Et</span> <span class='ocrx_word' id='word_1_288' title='bbox 770 3794 847 3845; x_wconf 90' lang='lat' dir='ltr'>tunc</span> <span class='ocrx_word' id='word_1_289' title='bbox 862 3781 959 3845; x_wconf 91' lang='lat' dir='ltr'>nicbil</span> <span class='ocrx_word' id='word_1_290' title='bbox 987 3792 1095 3844; x_wconf 89' lang='lat' dir='ltr'>actum</span> <span class='ocrx_word' id='word_1_291' title='bbox 1112 3782 1171 3843; x_wconf 87' lang='lat' dir='ltr'>luit</span> <span class='ocrx_word' id='word_1_292' title='bbox 1187 3782 1255 3845; x_wconf 88' lang='lat' dir='ltr'>sive</span> <span class='ocrx_word' id='word_1_293' title='bbox 1281 3792 1453 3845; x_wconf 86' lang='lat' dir='ltr'>tractatum</span> <span class='ocrx_word' id='word_1_294' title='bbox 1477 3780 1519 3845; x_wconf 90' lang='lat' dir='ltr'>de</span> <span class='ocrx_word' id='word_1_295' title='bbox 1542 3786 1716 3853; x_wconf 85' lang='lat' dir='ltr'>communi</span> 
     </span>
     <span class='ocr_line' id='line_1_34' title="bbox 556 3881 1715 3969; baseline -0.002 -20"><span class='ocrx_word' id='word_1_296' title='bbox 556 3888 693 3949; x_wconf 89' lang='lat' dir='ltr'>utilitate</span> <span class='ocrx_word' id='word_1_297' title='bbox 710 3884 860 3947; x_wconf 71' lang='lat' dir='ltr'>Civitatis</span> <span class='ocrx_word' id='word_1_298' title='bbox 878 3903 981 3966; x_wconf 88' lang='lat' dir='ltr'>neque</span> <span class='ocrx_word' id='word_1_299' title='bbox 1006 3884 1046 3945; x_wconf 92' lang='lat' dir='ltr'>de</span> <span class='ocrx_word' id='word_1_300' title='bbox 1061 3884 1325 3967; x_wconf 79' lang='lat' dir='ltr'>augmentatione</span> <span class='ocrx_word' id='word_1_301' title='bbox 1341 3881 1525 3947; x_wconf 84' lang='lat' dir='ltr'>libertatum</span> <span class='ocrx_word' id='word_1_302' title='bbox 1540 3884 1715 3969; x_wconf 61' lang='lat' dir='ltr'>ejusdem</span> 
     </span>
     <span class='ocr_line' id='line_1_35' title="bbox 555 3985 1717 4071; baseline 0.005 -20"><span class='ocrx_word' id='word_1_303' title='bbox 555 4001 603 4051; x_wconf 89' lang='lat' dir='ltr'>set</span> <span class='ocrx_word' id='word_1_304' title='bbox 620 4000 728 4051; x_wconf 81' lang='lat' dir='ltr'>tamen</span> <span class='ocrx_word' id='word_1_305' title='bbox 740 3985 883 4069; x_wconf 85' lang='lat' dir='ltr'>predicta</span> <span class='ocrx_word' id='word_1_306' title='bbox 897 3998 1019 4049; x_wconf 70' lang='lat' dir='ltr'>sututa</span> <span class='ocrx_word' id='word_1_307' title='bbox 1032 3997 1067 4051; x_wconf 88' lang='lat' dir='ltr'>et</span> <span class='ocrx_word' id='word_1_308' title='bbox 1082 3986 1283 4070; x_wconf 82' lang='lat' dir='ltr'>provisiones</span> <span class='ocrx_word' id='word_1_309' title='bbox 1297 3986 1338 4049; x_wconf 87' lang='lat' dir='ltr'>sd</span> <span class='ocrx_word' id='word_1_310' title='bbox 1354 3986 1479 4051; x_wconf 88' lang='lat' dir='ltr'>nullum</span> <span class='ocrx_word' id='word_1_311' title='bbox 1491 4004 1717 4071; x_wconf 75' lang='lat' dir='ltr'>pervenerint</span> 
     </span>
     <span class='ocr_line' id='line_1_36' title="bbox 558 4090 719 4155; baseline -0.031 -1"><span class='ocrx_word' id='word_1_312' title='bbox 558 4090 719 4155; x_wconf 80' lang='lat' dir='ltr'>effectum.</span> 
     </span>
    </p>
   </div>
   <div class='ocr_carea' id='block_1_5' title="bbox 0 0 1774 4830">
    <p class='ocr_par' dir='ltr' id='par_1_7' title="bbox 0 0 1774 4830">
     <span class='ocr_line' id='line_1_37' title="bbox 0 0 1774 4830; baseline 0 0"><span class='ocrx_word' id='word_1_313' title='bbox 0 0 1774 4830; x_wconf 95' lang='lat' dir='ltr'> </span> 
     </span>
    </p>
   </div>
  </div>
 </body>
</html>
