3540 4830
479 502 734 547 vicecomitis
755 503 1039 546 nonncxsnnun.
1289 483 1330 556 97

226 655 274 719 Le
289 654 322 718 in
338 676 478 739 enquera
493 654 515 718 li
531 655 606 739 quel
617 666 678 719 unt
698 655 744 719 fet
759 654 830 718 eide
845 655 876 718 nl
893 653 999 717 Conte
1020 655 1060 717 de
1077 653 1239 717 leicestre
1254 673 1331 716 oue

181 776 257 818 oeus
273 756 313 818 de
330 778 365 817 sa
381 758 482 840 partie
498 757 538 820 de
554 757 604 820 lur
619 757 765 841 pecunie,
782 778 825 819 ou
847 755 898 818 lur
920 766 981 818 unt
1002 754 1116 819 envoie
1131 756 1171 819 de
1187 754 1237 817 lur
1251 777 1331 839 genn

181 878 222 918 en
238 856 308 919 eide
321 878 378 941 per
392 856 443 918 lur
458 857 608 940 eindegre
624 880 701 920 sanz
716 859 782 921 lere
797 858 848 920 lur
863 858 1035 921 destresee.

225 959 305 1022 Lein
322 981 477 1044 enquerra
492 961 582 1043 quels
594 960 651 1023 des
666 961 776 1023 leffees
793 973 852 1023 unt
867 961 913 1023 let
924 961 994 1043 pais
1009 983 1027 1023 a
1042 960 1093 1022 lus·
1103 958 1299 1024 adversaries
1312 980 1330 1022 e

181 1073 241 1122 unt
257 1060 322 1145 pris
334 1061 374 1123 de
390 1061 440 1124 lur
455 1062 587 1140 devers;
610 1084 629 1123 a
644 1061 694 1123 lur
709 1072 770 1124 unt
784 1060 834 1123 lur
850 1071 950 1124 terres
966 1062 1087 1125 renduz
1103 1082 1180 1123 sanz
1196 1061 1226 1125 le
1251 1083 1329 1125 cun-

181 1163 284 1225 seille
301 1162 370 1226 Rei.

227 1266 256 1328 11
271 1277 348 1329 veut
362 1265 402 1329 ke
419 1266 496 1329 lein
519 1287 678 1349 enquerge
696 1264 744 1327 ι1ιί
756 1275 817 1327 unt
830 1277 898 1328 este
914 1267 1106 1350 principales
1124 1266 1256 1330 robbers
1267 1287 1285 1330 e
1297 1267 1330 1330 ki
1346 1278 1393 1336 'sn
1409 1278 1454 1324 105
1467 1286 1496 1325 0⁰.

183 1379 244 1431 unt
259 1380 327 1432 este
343 1369 442 1433 aveke
458 1392 528 1446 eus,
543 1391 560 1432 e
576 1368 608 1432 ki
626 1379 704 1432 unte
720 1379 788 1431 este
804 1368 976 1445 derobbez‚
991 1380 1025 1432 et
1040 1369 1079 1432 de
1099 1369 1191 1453 quele
1209 1381 1332 1454 genzet

182 1483 283 1555 quant
298 1483 332 1535 et
354 1495 397 1536 ou
417 1484 450 1536 et
466 1495 548 1556 pour
560 1473 652 1556 quele
667 1472 829 1549 acheison,
850 1493 926 1534 eou
952 1470 998 1534 les
1021 1471 1159 1535 robbnrs
1182 1482 1242 1535 unt
1264 1484 1332 1537 este

183 1575 342 1637 recettiez.

227 1677 307 1739 Lein
324 1698 480 1759 enquerra
496 1677 522 1738 si
539 1675 632 1738 nules
648 1685 748 1738 terres
764 1674 809 1736 du
825 1675 971 1738 demeine
986 1675 1016 1738 le
1033 1675 1094 1737 Roi
1110 1676 1216 1738 soient
1231 1675 1333 1738 donez

180 1801 238 1860 per
252 1780 391 1841 acheson
413 1778 452 1841 de
468 1789 537 1841 cest
553 1788 749 1854 movement,
761 1789 794 1841 et
809 1778 844 1840 ki
859 1779 906 1841 les
923 1778 1016 1854 tient,
1031 1788 1064 1841 et
1079 1800 1097 1840 a
1113 1777 1146 1840 1ιί
1162 1798 1180 1840 e
1195 1778 1241 1842 les
1257 1790 1334 1841 sunt

180 1883 300 1945 donees
316 1893 349 1944 et
364 1903 446 1966 pour
461 1880 536 1965 quel
550 1882 656 1944 forfet.

228 1985 309 2047 Lein
325 2006 484 2069 enquerra
498 1983 530 2046 ki
547 2005 605 2067 per
623 1982 763 2048 neheson
786 1983 827 2047 de
848 1995 917 2048 cest
938 1995 1185 2047 esmouvement
1207 1994 1267 2046 unt
1288 1985 1335 2047 fet

181 2088 355 2166 robberies,
370 2088 562 2164 homicides,
578 2110 621 2151 ou
637 2107 751 2149 ersons
768 2109 823 2150 sur
838 2088 884 2151 les
899 2088 978 2150 feels
996 2088 1023 2151 le
1040 2087 1110 2152 Rei.

227 2192 306 2253 Lein
323 2211 479 2274 enquerra
500 2189 591 2273 quels
607 2188 728 2272 utlage3
749 2201 826 2252 sunt
847 2211 985 2252 revenuz
1008 2213 1026 2252 a
1049 2190 1079 2251 la
1102 2189 1273 2272 cumpanie
1296 2190 1336 2253 de

180 2317 256 2357 ceus
272 2295 304 2356 ki
321 2317 354 2356 se
371 2294 569 2376 appellerent
584 2292 776 2370 desheritez,
792 2303 825 2355 et
840 2292 1011 2357 demorent
1026 2313 1143 2356 encore
1159 2292 1189 2354 el
1201 2292 1292 2376 pniis,
1304 2303 1337 2355 et

182 2419 224 2460 ou
240 2397 261 2460 il
278 2407 355 2459 sunt
370 2397 530 2459 reeettiez.

226 2499 307 2561 Lein
325 2519 481 2581 enquerrn
496 2498 530 2561 ki
552 2508 613 2560 unt
634 2498 747 2561 achate
770 2498 828 2561 des
852 2497 992 2562 roberies
1020 2498 1053 2560 ki
1076 2508 1137 2560 unt
1155 2507 1224 2560 este
1244 2496 1336 2561 laites

181 2612 293 2665 cuntre
310 2601 355 2664 les
372 2600 433 2663 feel
449 2601 479 2663 le
496 2600 555 2663 Rei
572 2621 613 2663 en
629 2599 659 2662 le
674 2611 772 2662 avent
787 2600 835 2662 dit
847 2610 930 2663 tens.

225 2704 306 2767 Lein
322 2723 478 2786 enquerra
494 2702 521 2763 si
536 2701 593 2764 nul
609 2701 649 2764 de
665 2723 740 2764 ceus
757 2702 819 2765 seit
834 2702 1006 2780 derobbez‚
1022 2702 1063 2765 ke
1079 2724 1120 2767 ne
1143 2724 1178 2765 se
1193 2703 1337 2767 tindrent

181 2808 223 2871 od
240 2808 313 2870 lune
330 2807 431 2890 partie
448 2828 488 2868 ne
504 2805 546 2868 od
562 2804 676 2884 leutre,
692 2826 761 2868 mes
777 2827 811 2869 se
827 2805 975 2869 tindrent
990 2826 1031 2868 en
1048 2805 1129 2890 peis,
1141 2816 1174 2868 et
1189 2806 1223 2869 ki
1238 2806 1284 2870 les
1296 2807 1336 2869 ad

181 2909 340 2973 desrcbbe
356 2909 444 2972 etde
460 2908 545 2992 quei.

224 3014 306 3076 Lein
322 3032 477 3096 enquerra
492 3010 518 3072 si
536 3008 591 3072 nul
604 3009 701 3094 eglise
718 3008 779 3072 seit
793 3008 905 3073 robbie
920 3031 960 3073 en
977 3009 1136 3074 laventdit
1144 3020 1216 3073 tens
1232 3021 1265 3074 et
1281 3032 1337 3095 par

180 3137 295 3201 quens.

225 3219 305 3280 Lein
323 3236 478 3300 enquerra
498 3216 525 3278 si
541 3215 615 3277 nuls
631 3215 676 3277 eit
689 3213 848 3278 demendo
863 3214 907 3276 du
925 3214 983 3276 Rei
999 3213 1046 3277 les
1063 3224 1163 3278 terres
1182 3215 1222 3277 de
1237 3213 1336 3291 aliun,

179 3322 212 3384 ki
228 3320 291 3382 nad
308 3340 364 3403 pas
380 3339 419 3380 en
437 3317 546 3378 lavant
561 3315 609 3377 dit
623 3327 696 3379 tens
708 3327 793 3379 estre
808 3325 921 3378 cuntre
933 3314 962 3378 le
980 3316 1061 3400 Rey‚
1076 3330 1110 3379 et
1123 3317 1169 3379 les
1182 3316 1265 3379 tient
1280 3337 1336 3379 en·

181 3444 253 3488 core
269 3429 302 3483 et
317 3419 349 3481 ki
366 3440 402 3481 ce
418 3428 477 3479 est.

227 3524 297 3585 Len
314 3541 464 3603 enquera,
491 3519 524 3581 ki
548 3530 608 3580 unt
631 3527 699 3580 este
715 3518 754 3581 de
779 3517 829 3579 lur
851 3516 1000 3602 aindegre
1016 3519 1132 3584 bailliis
1146 3543 1190 3584 ou
1205 3542 1338 3585 servsnz

181 3627 210 3690 le
227 3625 334 3688 Cunte
350 3623 389 3684 de
407 3621 580 3683 Leicestre.

226 3729 288 3790 Les
305 3748 387 3788 nons
404 3725 460 3787 des
477 3743 655 3806 enquerurs
667 3743 707 3784 en
723 3731 810 3785 ceste
827 3721 996 3787 Cunteres.

267 3829 410 3890 Eustace
427 3826 466 3889 de
485 3825 598 3888 Beliol.

269 3931 373 3994 Adam
391 3928 431 3992 de
448 3928 621 3992 Gesemue.

270 4033 408 4098 Richard
424 4033 465 4096 de
482 4030 676 4095 Middleton.

226 4158 341 4201 enlin.
359 4157 432 4200 800.
